1886 3388
1014 246 1069 293 18

307 373 456 416 XXIX
489 372 532 423 5,
564 371 620 414 30
665 374 823 414 certare
855 371 1102 413 necessitate
1122 400 1251 413 .....
1268 384 1335 411 sus
1366 373 1500 413 semet
1530 371 1674 426 ipsum
1705 372 1748 412 et
1779 368 1831 412 ad

244 445 554 487 internecionen
601 441 842 498 perdiderat
887 444 1073 491 cunctos,
1122 442 1166 482 ni
1207 442 1407 497 gentium
1449 440 1696 483 turbulenta
1738 454 1834 483 con·
1883 427 1886 440 ¹

246 516 383 558 cussio
417 529 451 557 e.
471 529 510 570 q.
530 528 562 556 s.

1881 210 1886 350 i

1881 373 1886 395 i

1882 457 1886 530 ἐ

1884 539 1886 567 Ι

305 585 350 628 Si
392 583 695 627 contulerimus
739 582 905 635 (XXXI
938 581 978 634 8,
1014 582 1059 634 4)
1092 582 1227 623 adacti
1258 584 1508 626 necessitate
1530 582 1561 638 ¹)
1592 585 1833 638 postrema;
1884 590 1886 614 ²

245 656 413 710 (XXXI
439 655 479 706 5,
509 655 553 710 2)
582 659 686 706 (eos)
714 654 898 707 adiqebat
927 654 1045 696 ocius
1070 652 1300 709 proficisci3
1331 653 1500 706 (XXXI
1522 653 1563 705 2,
1583 653 1628 706 4)
1652 654 1834 706 adiyents

244 728 434 769 maxima
476 727 747 776 necessitate;
795 724 961 777 (XXXI
994 724 1040 776 8,
1074 724 1147 777 10)
1189 730 1238 766 ut
1272 725 1454 777 adiqebat
1485 726 1712 767 necessitas
1743 727 1833 775 cet;

244 798 377 840 facere
409 811 491 839 non
523 809 751 852 possumus
784 797 887 851 quin
919 809 1046 851 supra
1077 796 1122 837 in
1154 809 1340 852 congruo
1367 796 1504 852 spatio
1532 796 1834 838 restituamus:

244 872 403 911 certare
431 868 678 910 necessitate
704 867 870 908 adactus
881 881 1052 921 prorsus
1069 869 1203 909 semet
1218 868 1362 923 ipsum
1379 869 1421 909 et
1437 865 1488 909 ad
1504 867 1835 909 internecionem

245 938 487 995 perdiderat
518 941 691 982 cunctos
723 952 758 981 e.
778 952 816 994 q.
836 952 869 982 S.

307 1059 456 1102 XXIX
490 1058 531 1110 5,
567 1057 621 1100 55
656 1058 894 1114 interposita
916 1060 1007 1114 fide
1030 1058 1211 1114 publica.

306 1131 428 1173 Hanc
469 1130 728 1173 locutionem
762 1144 813 1173 ex
846 1129 1052 1173 Sallustio
1086 1131 1370 1173 Ammianum
1401 1129 1593 1172 hausisse
1626 1132 1838 1173 asseverat

247 1202 309 1245 M.
352 1202 483 1244 Hertz
503 1200 549 1254 ²).
591 1200 751 1243 Verum
791 1202 879 1243 iam
922 1199 1066 1245 Cicero
1108 1202 1333 1257 scripserat
1374 1201 1512 1261 (Brut.
1545 1202 1568 1256 ξ
1596 1200 1693 1253 89);
1737 1214 1837 1242 cum

246 1273 463 1315 Lusitanis
496 1286 519 1314 a
550 1272 638 1314 Ser.
672 1270 808 1315 Galba
841 1277 1032 1328 praetore
1059 1276 1206 1315 contra
1231 1271 1520 1326 interpositam,
1547 1277 1596 1314 ut
1623 1273 1838 1314 existima-

247 1345 386 1396 batur,
409 1344 536 1399 fidem
569 1343 820 1386 interfectus
853 1357 886 1386 e.
906 1357 946 1399 q.
966 1357 998 1386 s.

308 1464 437 1507 XXX
464 1463 505 1516 4,
535 1463 560 1506 5
591 1464 910 1516 Demosthenes,
939 1479 1021 1521 quo
1049 1463 1214 1507 dicturo
1241 1478 1471 1507 concursus
1497 1463 1697 1507 audiendi
1714 1476 1839 1507 causa

248 1550 298 1578 ex
331 1540 421 1578 tota
453 1534 631 1579 Graecia
662 1535 754 1578 fieri
786 1536 934 1579 solitos
967 1537 1258 1579 monumentis
1289 1537 1444 1578 Atticis
1476 1537 1729 1578 continetur.

309 1604 419 1649 Cum
461 1606 539 1648 hac
581 1608 791 1649 sententia
832 1606 1074 1660 Michae13)
1117 1608 1331 1663 componit
1375 1606 1674 1649 tantummodo
1718 1605 1839 1648 Brut.

250 1678 273 1732 ξ
300 1677 409 1727 289;
444 1676 591 1719 debuit
617 1678 803 1720 conferre
829 1679 960 1720 etiam
986 1677 1049 1721 De
1077 1679 1226 1734 optim.
1254 1692 1351 1734 gen.
1379 1681 1482 1721 orat.
1512 1677 1535 1733 ξ
1563 1677 1620 1720 22
1648 1676 1700 1720 ad
1727 1675 1839 1733 quod

249 1747 457 1790 iudicium
489 1762 717 1790 concursus
751 1748 907 1791 dicitur
937 1762 959 1791 e
991 1751 1080 1791 tota
1113 1746 1290 1791 Graecia
1321 1748 1458 1790 factus
1491 1762 1595 1791 esse.

311 1879 439 1921 XXX
472 1879 512 1930 4,
546 1879 573 1922 8
607 1880 742 1921 uidere
774 1885 831 1922 est
862 1881 931 1933 (cf.
965 1879 1115 1922 XXXI
1147 1879 1189 1931 8,
1225 1879 1249 1923 7
1282 1883 1372 1923 erat
1405 1883 1626 1936 spectare).

309 1949 527 1993 Taciteum
571 1965 706 2006 genus
749 1951 914 1994 dicendi
954 1953 1152 1994 imitatur
1194 1952 1448 1994 Ammianus
1491 1951 1543 1994 cf.
1579 1949 1778 1994 German.
1813 1949 1838 1992 5

251 2026 309 2063 est
344 2021 477 2062 videre
510 2022 620 2077 apud
653 2021 749 2065 illos
782 2036 817 2064 e.
837 2037 875 2078 q.
894 2036 927 2064 s.
969 2022 1121 2065 Annal.
1158 2021 1255 2064 XVI
1289 2021 1345 2064 34
1379 2023 1612 2064 coniectare
1644 2026 1730 2063 erat
1761 2024 1839 2064 cet.

313 2090 515 2135 Ceterum
545 2092 654 2134 nihil
685 2094 896 2135 miramur
928 2095 1018 2136 eius
1050 2092 1169 2136 modi
1200 2094 1409 2136 rationem
1439 2091 1640 2149 loquendi
1671 2094 1716 2135 in
1747 2106 1844 2135 auc-

252 2166 356 2213 tore,
397 2164 471 2219 qui
511 2164 763 2207 Antiochiae
794 2162 954 2207 Graeca
986 2163 1151 2207 familia
1182 2167 1308 2207 natus
1338 2162 1486 2220 procul
1517 2163 1646 2206 dubio
1675 2162 1842 2220 legerat

254 2233 411 2276 Herod.
445 2234 464 2276 I
496 2233 553 2276 32
587 2235 726 2277 πολλοὶ
759 2235 834 2286 μὲν
867 2233 953 2277 ἔστι
985 2234 1096 2287 ἰδεῖν,
1130 2235 1185 2277 τὰ
1218 2236 1277 2286 μή
1311 2251 1372 2282 τις
1406 2234 1529 2276 ἐθέλει
1558 2247 1594 2277 θ.
1613 2248 1653 2291 q.
1671 2248 1705 2277 s.

315 2354 444 2397 XXX
478 2353 519 2408 5,
554 2354 609 2397 14
641 2355 885 2409 conqlaeiari
909 2357 1159 2414 friyoribus.

317 2425 478 2468 Praeiit
519 2424 606 2468 Cic.
650 2426 699 2469 de
738 2431 825 2469 nat.
870 2426 982 2470 deor.
1023 2427 1063 2470 II
1094 2428 1118 2482 ἓ
1152 2425 1209 2470 26
1241 2426 1351 2469 fusio
1381 2439 1486 2482 quae
1518 2439 1653 2482 neque
1685 2425 1842 2480 σαπρία-

257 2496 382 2538 ciaret
402 2496 633 2552 friyoribus
666 2511 701 2540 e.
721 2512 760 2553 q.
779 2512 812 2542 s,

318 2566 402 2609 Hic
445 2581 611 2623 quoque
651 2567 753 2611 licet
794 2568 972 2611 conferri
1006 2570 1149 2610 Amm.
1183 2567 1334 2610 XXIX
1367 2567 1407 2619 6,
1445 2567 1499 2610 18
1531 2567 1707 2610 absterso
1738 2571 1840 2609 metu

261 2651 358 2679 cum
391 2636 478 2680 Cic.
511 2638 562 2680 ad
590 2638 691 2681 fam.
720 2638 782 2680 IX
810 2638 879 2690 16,
909 2638 934 2680 9
960 2637 1058 2681 volo
1085 2640 1200 2681 enim
1227 2639 1444 2691 absterqere
1469 2640 1601 2680 animi
1620 2640 1685 2680 tui
1701 2642 1843 2680 metum

261 2711 303 2749 et
339 2707 442 2751 ibid.
477 2707 539 2749 XI
572 2708 642 2760 24,
681 2709 702 2751 1
736 2710 819 2751 ista
851 2708 1035 2765 epistula
1066 2709 1176 2751 mihi
1207 2722 1377 2751 omnem
1408 2717 1547 2751 metum
1577 2709 1841 2751 abstersisses.

309 2839 343 2878 1)
368 2838 499 2880 Legitur
524 2838 623 2870 etiam
648 2838 738 2880 (XIV
763 2840 793 2878 6,
820 2839 891 2879 17).·
915 2839 1036 2881 sifors
1060 2839 1213 2882 adegerit.

307 2892 339 2932 2)
371 2892 418 2924 De
451 2893 614 2925 Ammiani
648 2894 834 2926 Marcellini
866 2894 982 2926 studiis
1006 2894 1210 2926 Sallustianis
1234 2894 1438 2928 Dissertatio.
1463 2894 1562 2927 Iudex
1588 2894 1694 2927 Schol.
1719 2893 1752 2926 in
1781 2893 1843 2926 Uni

264 2946 415 2979 versitate
440 2947 687 2980 Vrntislaviensi
717 2948 801 2981 1874
824 2959 898 2991 pag.
925 2949 965 2981 12
990 2949 1153 2991 (adnotat.
1178 2949 1244 2991 18).

313 3000 349 3045 3)
374 3001 421 3033 De
445 3002 609 3034 Ammiani
633 3003 818 3035 Marcellini
844 3003 960 3036 studiis
985 3003 1215 3037 Ciceronianis.
1239 3004 1457 3038 Vratislavine
1482 3004 1579 3039 1874.
1604 3015 1677 3049 pag.
1702 3003 1757 3039 47.
