1886 3388
778 252 833 297 19

76 376 202 420 XXX
229 377 269 429 8,
299 377 324 419 5
352 376 566 432 (Papirius
588 373 760 428 Cursor)
777 375 893 418 solus
909 374 962 418 ad
978 374 1259 418 resistendum
1277 377 1402 432 aptus
1418 373 1596 417 Alexan-

16 448 91 490 dro
123 447 296 504 Magno,
329 447 366 489 si
397 445 597 489 calcasset
627 445 810 496 Italiam,
843 447 1106 488 aestimatus.

76 518 156 561 His
198 518 339 561 verbis
381 531 479 560 cum
522 518 566 559 in
598 518 847 559 universum
880 516 1176 573 significantur
1206 518 1429 560 notissima
1461 518 1598 573 capita

16 589 152 632 XVII.
185 603 317 645 usque
349 588 401 631 ad
433 587 551 631 XIX.
585 587 684 630 libri
714 589 814 630 noni
846 587 974 638 Livii,
1008 591 1102 630 tum
1135 589 1359 644 praecipue
1385 587 1487 631 haec
1515 601 1600 630 una

19 661 228 703 sententia
252 659 333 712 (IX
362 658 429 711 16,
461 657 556 711 19):
586 659 688 714 quin
717 672 816 700 eum
845 662 917 710 (sc.
945 651 1169 714 Papirium
1194 656 1438 710 Cursorem)
1454 671 1599 714 parem

19 731 231 774 destinant
257 730 411 772 animis
437 742 594 785 magno
619 728 859 771 Alexandro
878 727 1043 780 ducem,
1063 729 1098 771 si
1115 742 1233 771 arma
1251 729 1351 771 Asia
1366 728 1603 784 perdomita

19 802 64 844 in
95 800 312 856 Europam
345 800 553 844 vertisset.

79 942 207 984 XXX
239 941 279 993 8,
314 940 341 983 8
384 939 682 983 Themistoclis
722 939 841 982 illius
873 941 1033 983 ueteris
1065 940 1284 983 dissimilis
1316 945 1389 995 (sc.
1422 940 1605 984 Valenti—

21 1014 203 1066 nianus),
247 1013 321 1068 qui
357 1026 456 1054 cum
486 1014 582 1067 post
614 1024 806 1068 pugnam
838 1012 1097 1067 agminaque
1129 1011 1268 1054 deleta
1298 1012 1526 1054 Persarum
1557 1011 1605 1053 li-

19 1088 161 1127 center
203 1082 491 1132 obambulans,
534 1081 723 1124 armillas
764 1095 912 1124 aureas
955 1081 1134 1125 uidisset
1166 1082 1290 1124 humi
1322 1084 1528 1139 proiectas
1562 1086 1604 1124 et

18 1159 214 1211 torquem
259 1152 431 1204 „tolle'’,
474 1153 628 1208 inquit,
674 1151 834 1203 „haec”
878 1152 930 1194 ad
971 1154 1180 1195 comitum
1222 1153 1432 1209 quendam
1476 1166 1604 1209 prope

18 1225 256 1268 adstantem
290 1238 438 1266 uersus
474 1224 601 1279 „quia
633 1222 941 1265 Themistocles
969 1237 1053 1265 non
1080 1223 1151 1265 es'’
1179 1224 1380 1279 quodlibet
1407 1237 1606 1280 spernens

19 1296 64 1338 in
97 1295 201 1338 duce
232 1295 506 1352 magnanimo
538 1292 708 1335 lucrum
743 1291 841 1349 <uel
869 1292 1199 1350 amplissimum).

82 1365 133 1408 In
162 1367 299 1422 spatio
332 1379 465 1408 vacuo
502 1363 555 1406 14
587 1363 673 1406 litt.
708 1363 919 1420 supplevi,
953 1364 1065 1420 quod
1096 1367 1327 1407 sententiae
1359 1368 1400 1407 et
1430 1364 1606 1408 lacunae

23 1438 246 1481 convenire
271 1435 454 1479 videtur.
485 1434 660 1488 Quilibet
687 1448 788 1477 vero
817 1436 1088 1478 coniunctum
1116 1450 1215 1478 cum
1241 1436 1318 1486 uel,
1337 1436 1449 1492 quod
1466 1450 1608 1493 super-

21 1508 182 1551 lativus
213 1508 383 1564 excipit,
416 1505 603 1562 legimus
635 1507 764 1548 etiam
798 1506 880 1548 Pro
913 1506 1034 1550 Rosc.
1069 1507 1211 1549 Amer.
1245 1508 1268 1563 ᾖ
1295 1506 1323 1550 8
1357 1507 1505 1563 quodsi
1531 1511 1606 1550 aut

21 1592 147 1622 causa
172 1578 364 1621 criminis
391 1581 466 1620 aut
491 1576 593 1618 facti
620 1577 803 1632 suspicio
830 1580 904 1619 aut
929 1577 1124 1633 quaelibet
1151 1577 1330 1634 denique
1358 1578 1426 1619 uel
1444 1578 1606 1619 minima

20 1664 86 1693 res
127 1650 377 1705 reperietur,
417 1661 545 1704 quam
589 1647 641 1690 ob
683 1660 774 1689 rem
811 1647 1037 1691 videantur
1067 1647 1134 1690 illi
1164 1648 1356 1691 nonnihil
1389 1652 1530 1691 tamen
1561 1650 1605 1690 in

22 1720 244 1764 deferendo
274 1720 444 1762 nomine
476 1719 611 1761 secuti
644 1731 679 1760 e.
699 1732 737 1774 q.
756 1732 788 1761 s,

81 1863 209 1906 XXX
241 1862 283 1912 8,
318 1861 343 1904 9
375 1861 494 1903 huius
523 1861 700 1915 exempla
731 1861 1012 1904 continentiae
1044 1860 1203 1904 similia
1233 1859 1419 1917 plurima
1449 1862 1494 1903 in
1525 1860 1604 1904 Ro-

23 1936 161 1978 manis
193 1934 424 1977 exuberant
455 1931 645 1974 ducibus.

85 2005 201 2048 Haec
240 2003 462 2046 ediderunt
504 2000 706 2045 Gelenius
750 2000 1045 2045 Gardthausen
1086 2002 1172 2054 alii,
1207 2017 1358 2045 vorum
1389 2003 1433 2045 in
1465 2002 1605 2045 codice

24 2076 226 2119 Vaticano
267 2077 487 2118 exaratum
529 2076 615 2115 est:
659 2073 734 2114 hue
775 2072 820 2126 [8
850 2072 956 2127 litt.]
987 2073 1079 2128 pla,
1113 2074 1306 2129 quocirca
1338 2073 1604 2116 scribendum

23 2159 191 2190 censeo:
224 2145 386 2187 huiusce
416 2143 592 2197 exempla
623 2144 903 2186 continentiae
936 2158 970 2186 e.
990 2158 1028 2201 q.
1047 2158 1080 2186 s.

83 2218 348 2261 Documento
390 2218 488 2258 sunt
529 2213 658 2256 XXX
695 2211 736 2265 ¹7,
773 2214 794 2256 1
839 2214 1002 2256 huiusce
1032 2215 1233 2271 principis
1245 2229 1255 2267 3
1291 2214 1439 2257 XXXI
1471 2214 1513 2267 2,
1549 2214 1605 2257 18

24 2292 123 2332 sunt
154 2288 284 2330 illisce
314 2287 490 2343 tuguria
521 2288 601 2328 cet.

85 2430 212 2473 XXX
245 2429 285 2482 9,
319 2428 345 2471 3
387 2426 671 2484 Scrupulosus
712 2428 755 2469 in
798 2425 1033 2469 deferendis
1065 2427 1347 2483 potestatibus
1379 2426 1500 2470 celsis
1532 2441 1607 2470 nec

24 2503 259 2558 imperante
299 2515 347 2543 eo
388 2500 650 2556 prouinciam
695 2496 1008 2540 nummularius
1044 2499 1154 2540 rexit
1190 2502 1264 2540 aut
1295 2498 1608 2541 administratio

25 2572 281 2622 uenundata,
323 2572 406 2612 nisi
443 2571 554 2612 inter
597 2567 780 2625 (initia)
826 2572 875 2610 ut
917 2567 1053 2611 solent
1096 2570 1382 2625 occupationis
1426 2583 1497 2625 spe
1539 2567 1610 2611 uel

26 2643 279 2700 inpunitatis
311 2640 518 2697 quaedam
550 2639 724 2682 scelesta
757 2639 986 2682 committi.

87 2714 180 2756 Hoc
220 2711 387 2756 Gelenii
419 2710 765 2767 supplementum
794 2709 1053 2765 amplectens
1085 2710 1231 2753 affero:
1266 2709 1425 2762 (XVIII
1461 2709 1528 2760 10,
1564 2708 1610 2760 2>

27 2786 138 2827 inter
178 2784 300 2825 initia
341 2783 558 2825 tenerioris
601 2783 774 2834 aetatis;
818 2780 985 2832 (XXXI
1027 2780 1067 2830 4,
1102 2780 1146 2833 3)
1188 2782 1298 2823 inter
1337 2781 1457 2822 initia
1493 2781 1607 2835 ipsa3

28 2854 196 2911 (XXXI
229 2853 298 2904 14,
327 2853 371 2906 8)
396 2855 507 2895 inter
534 2852 654 2893 initia
681 2852 990 2894 contemnebat.
1019 2851 1208 2894 Maxime
1235 2855 1377 2894 autem
1406 2863 1611 2892 memora-

27 2926 114 2971 bile
144 2923 387 2981 exemplum
419 2924 608 2966 invenies
637 2921 760 2975 (XXI
788 2920 827 2973 7,
859 2921 901 2974 1)
938 2921 1043 2963 inter
1069 2922 1233 2964 emordia
1259 2923 1350 2976 ipsa
1377 2925 1608 2976 coeptorum.
