1886 3388
1027 242 1055 285 8

245 366 466 421 uryentizcm
508 367 650 408 sonitu
681 366 934 422 gemituque
965 377 1183 407 caesorum
1216 363 1404 407 discusso
1438 378 1600 415 somno,
1634 364 1830 406 excitatis

245 436 393 479 multis
434 441 476 480 et
515 436 567 480 ad
607 450 726 479 arma
767 451 841 492 pro
876 450 919 478 se
951 448 1117 492 quoque
1151 434 1396 478 clamitante
1428 439 1638 478 steterunt
1668 434 1832 478 milites

243 510 440 564 uestigiis
472 508 566 550 fixis
598 507 799 564 progredi
830 506 943 549 ultra
977 521 1060 548 non
1091 508 1198 548 ausi.

305 578 496 621 Lo'fstedt
521 577 599 631 (1.1.
628 593 725 635 pag.
757 576 829 630 ’76)
857 578 1055 620 coniecit:
1078 575 1234 620 leviter
1242 577 1540 631 prodeuntium,
1559 576 1671 634 quod
1688 581 1832 619 tamen

244 649 440 706 displicet
472 648 640 707 Geyero
662 650 706 703 ¹).

303 790 388 833 XX
421 791 461 842 3,
494 791 521 833 2
564 805 662 834 cum
703 794 801 848 post
831 789 1075 847 inaequales
1108 803 1258 833 cursus
1290 791 1373 833 iter
1403 793 1676 832 menstruum
1707 788 1832 832 lunae

242 863 297 904 ad
324 863 427 904 idem
457 868 665 904 revocatur
698 862 871 904 inicium.

303 933 386 976 Hic
430 948 596 990 quoque
638 935 891 976 Ammianus
933 934 1132 976 imitatur
1163 931 1426 985 Ciceronem,
1459 946 1676 989 compares
1707 931 1832 975 modo

243 1003 304 1046 De
346 1018 432 1060 rep.
466 1004 521 1046 VI
556 1003 595 1055 7,
629 1004 685 1046 24
729 1019 827 1047 cum
869 1008 1015 1046 autem
1059 1003 1111 1047 ad
1152 1003 1283 1055 idem,
1329 1003 1437 1046 unde
1480 1002 1611 1046 semel
1647 1003 1833 1060 profecta

241 1079 353 1125 sunt,
387 1079 538 1118 cuncta
568 1080 680 1118 astra
712 1075 914 1118 redierint
934 1106 1093 1118 ......
1128 1078 1224 1117 tum
1256 1075 1392 1131 signis
1418 1075 1616 1117 omnibus
1642 1075 1697 1116 ad
1712 1073 1832 1129 prin-

240 1145 386 1200 cipium
417 1145 636 1202 stellisque
669 1146 864 1188 revocatis
897 1144 1117 1202 expletum
1149 1159 1310 1188 annum
1341 1145 1508 1188 habeto.

301 1287 385 1329 XX
417 1288 457 1339 5,
492 1288 517 1330 5
550 1288 594 1330 id
625 1302 723 1331 sane
754 1302 830 1330 nec
862 1289 1147 1344 praetermitti
1182 1287 1394 1345 (oportet)
1429 1302 1505 1330 nec
1540 1289 1669 1330 taceri
1702 1287 1829 1344 quod,

240 1373 338 1401 cum
369 1374 499 1416 prope
531 1360 866 1416 Argentoratum
899 1358 1127 1402 inluxisset
1158 1359 1231 1402 ille
1260 1360 1531 1402 beatissimus
1558 1358 1646 1402 dies
1672 1358 1831 1402 uehens

239 1429 421 1485 quodam
453 1430 576 1473 modo
612 1430 767 1474 Galliis
799 1435 1051 1487 perpetuam
1082 1430 1340 1473 libertatem.

298 1500 656 1557 Supplementum
696 1516 843 1544 meum
885 1506 1037 1556 oportet
1080 1503 1222 1557 aptius
1265 1502 1436 1544 videtur
1479 1515 1569 1544 esse
1611 1515 1740 1558 quam
1772 1504 1832 1542 est

237 1585 415 1627 aequum,
459 1572 570 1628 quod
613 1571 791 1615 Gelenio
831 1578 1001 1615 auctore
1045 1571 1344 1615 Gardthausen
1376 1574 1548 1629 recepit,
1582 1572 1632 1615 cf.
1667 1571 1831 1615 XXVII

239 1642 279 1694 5,
313 1641 340 1684 8
372 1644 416 1685 in
450 1657 673 1687 commune
706 1643 950 1687 consultans
982 1658 1130 1700 pacem
1162 1643 1254 1686 dari
1272 1643 1307 1696 ²)
1330 1648 1510 1698 oportere
1535 1643 1723 1687 decreuit
1749 1648 1829 1687 cet.

298 1775 403 1817 XXI
431 1775 470 1827 5,
497 1775 524 1818 2
552 1775 643 1818 Iam
671 1775 833 1818 dudum
864 1777 993 1818 tacita
1010 1775 1311 1819 deliberatione
1328 1789 1405 1818 uos
1423 1776 1616 1830 aestimo,
1634 1775 1783 1832 magni
1797 1774 1831 1831 3)

235 1846 559 1898 commilitones,
587 1851 807 1903 gestorum
835 1849 995 1890 excitos
1012 1847 1296 1905 amplitudine
1313 1847 1392 1890 hoc
1411 1848 1566 1903 operiri
1584 1846 1830 1898 consilium,

234 1922 285 1960 ut
326 1922 518 1968 euentus,
562 1920 636 1974 qui
667 1922 902 1974 sperantur,
936 1919 1139 1975 perpendi
1169 1919 1335 1975 possint
1367 1922 1410 1960 et
1440 1919 1698 1975 praecaueri,
1731 1917 1829 1974 plus

235 1989 349 2030 enim
392 1988 536 2031 audire
579 2003 708 2045 quam
738 1988 856 2045 loqui
890 1988 1077 2032 militem
1110 1989 1229 2032 decet
1263 1990 1428 2032 actibus
1459 1989 1647 2031 coalitum
1666 2021 1826 2033 ......

233 2058 443 2116 gloriosis.
486 2074 561 2102 nec
605 2059 687 2103 alia
728 2064 939 2116 spectatae
980 2062 1207 2117 aequitatis
1250 2061 1406 2104 sentire
1442 2064 1661 2112 rectorem,
1695 2073 1825 2117 quam

233 2144 295 2180 ea,
328 2144 433 2186 quae
463 2130 627 2174 laudari
659 2131 787 2188 digne
820 2136 1055 2188 potueruut
1086 2136 1128 2175 et
1161 2132 1347 2189 probari.

291 2201 355 2243 Ne
382 2203 475 2257 quis
503 2203 683 2244 miretur
709 2217 837 2245 usum
863 2203 1110 2245 eoaleseendi
1136 2203 1329 2254 verbum,
1349 2203 1535 2245 conferat
1552 2202 1657 2245 XXI
1678 2202 1747 2254 12,
1767 2202 1825 2246 22

231 2270 409 2327 puluere
457 2273 641 2314 coalitum
690 2273 869 2326 Martio;
924 2274 1073 2316 XXIII
1116 2274 1156 2326 6,
1203 2273 1256 2316 61
1307 2274 1522 2330 coalitique
1569 2274 1821 2325 solitudine;

232 2341 396 2384 XXVII
427 2342 467 2393 2,
504 2342 528 2384 6
571 2344 768 2386 tribunus
811 2345 1181 2402 magniloquentia
1222 2344 1384 2387 socordi
1422 2345 1614 2400 coalitu33
1655 2344 1823 2388 XXVII

234 2413 273 2464 6,
303 2413 329 2455 8
357 2428 431 2456 nec
458 2413 681 2457 tolerantia
707 2429 850 2458 rerum
869 2416 1055 2458 coalitum
1073 2429 1340 2472 asperarum3
1365 2415 1526 2458 XXlX
1544 2415 1584 2467 6,
1608 2416 1659 2458 11
1679 2415 1822 2459 studio

231 2483 476 2526 aedificandi
507 2485 697 2536 coalitum
730 2486 881 2529 XXXI
912 2487 953 2538 2,
987 2487 1045 2530 20
1078 2488 1281 2530 iuuentus
1315 2500 1416 2530 uero
1444 2486 1663 2544 equitandi
1691 2501 1773 2530 usu
1799 2501 1824 2530 a

231 2556 368 2610 prima
401 2557 584 2611 pueritia
615 2557 845 2600 coalescens.

291 2625 414 2668 Nunc
457 2626 630 2669 fortasse
667 2627 836 2670 facilius
868 2628 1118 2672 concedetur
1149 2642 1278 2685 supra
1310 2628 1582 2671 scribendum
1614 2642 1726 2671 esse:
1761 2643 1824 2672 ac-

232 2696 347 2738 tibus
381 2696 584 2740 coalitum
620 2698 886 2757 (paulatim)
921 2699 1119 2757 gloriosis
1152 2714 1186 2743 e.
1206 2714 1245 2757 q.
1266 2714 1316 2751 s.‚
1349 2714 1449 2743 cum
1480 2701 1730 2756 praesertim
1761 2699 1821 2743 la-

233 2781 339 2809 cuna
379 2767 406 2809 8
451 2767 533 2811 litt.
573 2771 724 2825 capiat.
759 2769 896 2822 Quam
929 2771 1031 2814 bene
1063 2771 1315 2814 adverbium
1347 2772 1557 2814 insertum
1590 2772 1821 2815 sententiae

281 2889 314 2930 l)
340 2888 388 2919 Cf.
413 2889 530 2920 Archiv
555 2889 576 2920 f.
600 2889 659 2920 lat.
680 2889 845 2931 Lexicogr.
871 2889 984 2930 (1907)
1009 2900 1082 2932 pag.
1106 2890 1182 2923 432.

279 2943 311 2982 2)
332 2943 405 2974 dari
427 2944 528 2975 scribo
552 2954 625 2975 cum
647 2943 869 2986 Petschenigio
895 2945 947 2984 (cf.
971 2945 1056 2977 Phil.
1081 2945 1145 2977 vol.
1172 2946 1208 2977 51
1241 2956 1314 2988 pag.
1340 2946 1425 2985 523).

281 2997 316 3040 3)
338 2997 470 3029 Strenue
495 2998 638 3031 defendit
660 2999 815 3032 traditam
838 2999 1014 3032 lectionem
1037 2999 1187 3033 Lofstedt
1208 3000 1231 3033 l.
1255 3000 1278 3033 l.
1302 3010 1374 3043 pag.
1399 3001 1541 3034 80—81.
