1886 3388
604 634 1013 694 ANNAEANA.

242 896 319 939 AD
351 894 607 940 SENECAE
638 893 948 938 EPISTULAS
979 894 1056 937 AD
1089 894 1381 939 LUCILIUM.

74 1028 152 1085 Ep.
189 1028 257 1080 12,
293 1027 318 1070 6
352 1031 440 1070 tota
472 1030 585 1069 aetas
620 1026 810 1082 partibus
844 1029 1007 1069 constat
1038 1030 1081 1069 et
1113 1027 1231 1070 orbes
1264 1028 1389 1071 habet
1421 1030 1599 1072 circum-

14 1099 162 1143 ductos
205 1100 386 1142 maiores
428 1097 685 1140 minoribus:
728 1101 791 1140 est
833 1096 1003 1154 aliquis,
1037 1099 1111 1153 qui
1142 1099 1281 1140 omnis
1313 1099 1601 1155 conplectatur

13 1175 56 1214 et
96 1172 239 1227 cingat
249 1184 260 1222 ;
305 1169 374 1212 hic
417 1170 600 1225 pertinet
633 1182 656 1210 a
688 1167 820 1210 natali
858 1168 909 1211 ad
951 1168 1062 1210 diem
1095 1172 1350 1220 extremum,
1383 1174 1448 1212 est
1478 1169 1598 1221 alter,

13 1243 86 1298 qui
119 1254 248 1284 annos
275 1239 584 1283 adulescentiae
612 1238 801 1282 meludit.
828 1242 892 1281 est
920 1240 994 1295 qui
1021 1242 1153 1281 totam
1180 1241 1408 1295 pueritiam
1435 1241 1600 1284 ambitu

11 1326 88 1356 suo
120 1311 348 1368 adstringit
366 1309 413 1364 ¹).

72 1382 209 1427 Multi
249 1381 393 1426 offensi
435 1384 534 1424 sunt
575 1381 705 1424 verbo
744 1380 932 1432 eme-ludit,
964 1379 1126 1423 Paulus
1157 1380 1330 1436 quidem
1361 1380 1545 1425 Thomas
1564 1381 1599 1435 ²)

12 1455 202 1510 scripsit:
246 1452 279 1494 il
319 1453 412 1495 faut
452 1465 608 1494 avouer
648 1465 729 1507 que
770 1451 943 1493 includit
983 1453 1109 1494 serait
1140 1450 1238 1507 plus
1271 1451 1452 1496 naturel.
1485 1452 1599 1495 Mihi

10 1529 156 1568 autem
188 1538 292 1566 usus
323 1524 576 1565 Annaeanus
609 1522 801 1579 flagitare
834 1521 1002 1564 videtur
1033 1522 1173 1573 eludit,
1208 1522 1320 1578 quod
1345 1527 1395 1565 ut
1421 1523 1597 1579 probem

11 1609 34 1638 e
65 1594 265 1651 plurimis
307 1592 514 1649 exemplis
557 1592 728 1635 afferam
764 1592 892 1634 haec:
929 1592 1008 1648 Ep.
1042 1592 1113 1643 25,
1147 1592 1174 1633 4
1206 1594 1318 1635 intra
1349 1607 1455 1649 quae
1487 1595 1598 1649 quis-

10 1667 106 1722 quis
137 1665 394 1708 desiderium
426 1678 553 1706 suum
580 1663 718 1713 elusim
749 1663 826 1719 Ep.
854 1662 923 1714 55,
954 1663 1007 1705 11
1036 1665 1072 1705 si
1096 1665 1323 1719 quicquam
1350 1667 1460 1707 esset
1485 1666 1598 1721 cogi-

8 1737 241 1779 tationibus
273 1736 444 1785 clusum
476 1734 554 1790 Ep.
592 1733 661 1785 73,
693 1733 746 1776 13
775 1734 885 1790 quod
912 1735 1095 1777 virtutes
1123 1735 1214 1776 eius
1241 1736 1377 1791 spatio
1405 1735 1596 1778 breviore

9 1808 227 1849 cluduntur
239 1820 250 1859 3
296 1805 374 1862 Ep.
408 1804 478 1855 93,
514 1804 538 1847 9
581 1806 772 1856 (scimus)
806 1803 1167 1860 quemadmodum
1201 1806 1356 1855 omnia,
1389 1818 1495 1860 quae
1527 1819 1595 1847 us-

8 1892 137 1934 quam
180 1881 311 1927 erant,
349 1876 512 1918 eluserit
543 1879 585 1918 et
617 1889 660 1918 se
692 1877 830 1931 ipsam
861 1874 988 1917 finem
1021 1876 1087 1916 sui
1117 1875 1262 1917 fecerit
1294 1879 1366 1928 (sc.
1400 1880 1593 1928 natura);

7 1948 86 2005 Ep.
123 1948 222 1999 102,
256 1947 312 1990 22
340 1946 510 1989 nullum
537 1945 756 1989 saeculum
784 1947 955 2002 magnis
982 1947 1166 2003 ingeniis
1191 1946 1341 1987 clusum
1367 1950 1452 1998 est3
1483 1946 1593 1990 Dial.

8 2018 109 2061 VIII
151 2018 218 2070 (de
252 2019 358 2073 otio)
402 2017 442 2069 5,
477 2017 502 2060 6
543 2016 652 2059 illud
695 2020 871 2068 scrutor,
915 2016 1026 2072 quod
1065 2015 1178 2059 ultra
1222 2016 1433 2059 mundum
1469 2019 1591 2069 iacet,

7 2094 212 2132 utrumne
255 2088 460 2144 profunda
500 2089 677 2131 vastitas
719 2089 774 2129 sit
817 2100 868 2129 an
912 2090 954 2129 et
990 2087 1069 2129 hoc
1100 2088 1244 2143 ipsum
1275 2088 1472 2129 terminis
1504 2089 1593 2130 suis

9 2161 214 2212 cludatur5
244 2158 356 2202 Dial.
384 2159 426 2201 X
452 2159 520 2209 (de
547 2159 700 2201 brevit.
728 2159 861 2210 vitae)
892 2156 960 2209 15,
991 2157 1014 2199 5
1044 2159 1247 2214 sapientis
1274 2171 1374 2214 ergo
1401 2157 1592 2201 multum

7 2234 126 2288 patet
156 2231 262 2282 vita,
295 2244 379 2273 non
410 2229 526 2272 idem
558 2228 686 2271 illum
719 2230 793 2285 qui
824 2232 985 2271 ceteros
1016 2229 1225 2271 terminus
1257 2228 1384 2270 cludit
1403 2228 1436 2282 3)
1468 2233 1546 2273 cet.

68 2300 210 2344 Facile
237 2315 335 2343 vero
361 2299 658 2356 intellegimus
685 2303 779 2355 post
797 2299 1088 2341 adulescentiae
1105 2313 1127 2341 e
1145 2298 1435 2355 dittographia
1453 2304 1598 2342 natam

10 2386 99 2415 esse
142 2373 397 2428 scripturam
431 2370 601 2413 ecc-ludit
633 2371 724 2413 sive
757 2370 945 2412 meludit.
979 2369 1094 2412 Infra
1126 2383 1292 2425 quoque
1324 2368 1550 2413 Thomasio
1564 2369 1598 2422 ⁴)

9 2447 236 2499 praeeunte
267 2442 470 2485 ediderim
502 2441 580 2498 Ep.
615 2440 685 2492 86,
720 2441 745 2483 9
773 2445 817 2483 at
844 2440 949 2483 olim
976 2444 1018 2483 et
1044 2453 1177 2496 pauca
1205 2443 1323 2483 erant
1348 2440 1497 2483 balnea
1522 2455 1597 2484 nec

11 2513 98 2556 ullo
140 2512 261 2556 cultu
302 2517 523 2556 exornata:
568 2526 643 2554 cur
674 2513 787 2554 enim
821 2513 1120 2566 [em]0rnaretur
1138 2511 1172 2564 5)
1203 2525 1269 2554 res
1301 2511 1598 2567 quadrantaria

10 2588 54 2627 et
84 2586 128 2626 in
159 2598 287 2626 usum
318 2598 401 2626 non
431 2585 477 2626 in
510 2582 870 2626 oblectamentum
902 2580 1093 2638 reperta?

55 2715 86 2755 1)
111 2715 247 2747 Textum
272 2714 345 2746 dodi
369 2714 542 2746 secundum
567 2713 741 2745 editionem
765 2711 1032 2749 Teubnerianam,
1058 2722 1154 2753 quam
1179 2711 1307 2743 curavit
1330 2713 1437 2743 Hense
1462 2712 1558 2744 1898.

56 2769 92 2811 2)
124 2769 277 2811 Seneque.
309 2769 483 2801 Morceaux
515 2767 633 2800 ehoisis
663 2768 717 2799 des
751 2767 873 2799 Lettres
897 2766 916 2798 ὲ
939 2766 1084 2798 Lucilius
1109 2770 1141 2798 et
1166 2767 1220 2798 des
1244 2766 1370 2799 Traites
1395 2767 1432 2798 de
1457 2767 1593 2799 Morale.

12 2823 93 2856 ὃὲωθ
116 2823 261 2856 Edition.
285 2822 387 2856 Paris.
411 2823 573 2855 Hachette
597 2823 692 2854 1906.
717 2822 796 2864 Peg.
820 2822 892 2854 184.

58 2880 94 2922 3)
119 2879 169 2911 Cf.
194 2879 265 2910 Seu.
290 2878 378 2911 Dial.
403 2878 448 2909 VI
473 2877 526 2918 (ad
549 2877 667 2918 Marc.)
692 2878 744 2916 2,5
770 2876 818 2909 cd.
842 2876 986 2908 Hermes.
1010 2886 1063 2919 pg.
1087 2876 1149 2908 155
1176 2876 1208 2908 in
1233 2876 1357 2909 adnot.:
1386 2876 1512 2908 cludere
1535 2875 1594 2907 sol·

10 2934 115 2966 lemne
139 2944 190 2976 ap.
213 2933 284 2964 Son.

57 2990 89 3028 4)
112 2987 159 3019 l.l.
182 2998 254 3030 pag.
278 2987 353 3019 248.

61 3044 92 3083 5)
115 3044 282 3074 ornaretur
305 3040 433 3074 exhibet
454 3041 524 3074 cod.
549 3040 585 3074 P.
