1886 3388
1037 253 1062 297 6

320 384 430 426 Nam
472 394 608 436 neque
652 380 966 422 administrandi
986 377 1016 431 1)
1059 391 1195 433 neque
1236 376 1443 419 scrutandi
1463 375 1495 429 ¹)
1537 377 1621 419 huc
1652 375 1844 432 quadrat,

260 454 331 496 sed
373 458 520 509 aptum
565 452 735 494 videtur
765 449 1085 493 tantummodo:
1118 452 1160 491 et
1190 448 1296 490 inter
1326 448 1506 490 minandi
1535 449 1660 490 initia
1689 460 1847 504 magna

260 524 524 580 quaeritabat
555 523 764 564 industria
795 536 829 564 e,
849 535 887 577 q.
906 535 939 563 s.

321 655 420 697 XVI
464 654 532 706 12,
580 653 632 696 17
676 655 785 709 regii
829 652 911 695 duo
953 652 1101 694 fratres
1143 655 1217 704 (sc.
1252 650 1498 702 Alamanni)
1530 648 1703 693 uinculo
1732 651 1849 706 pacis

260 727 462 776 adstricti,
496 739 624 781 quam
656 738 764 767 anno
798 724 1026 779 praeterito
1056 724 1393 778 impetrauerant
1423 735 1448 763 a
1480 719 1744 772 Constantio,
1773 734 1849 764 nec

259 796 525 840 tumultuare
565 810 639 838 nec
680 795 942 837 commoneri
975 797 1074 836 sunt
1107 795 1210 835 ausi.
1244 792 1315 835 sed
1347 791 1474 848 paulo
1505 795 1651 848 postea
1680 805 1765 834 uno
1797 805 1849 834 ex

259 870 326 911 his
367 866 661 916 Gundomado,
705 867 778 922 qui
819 867 960 922 potior
990 868 1081 908 erat
1111 863 1292 920 fideique
1324 863 1537 913 firmioris,
1569 876 1644 918 per
1673 862 1850 905 insidias

260 942 515 994 interempto
547 939 683 980 omnis
715 938 806 980 eius
838 935 1022 993 populus
1055 949 1153 978 cum
1184 936 1340 977 nostris
1369 934 1562 977 hostibus
1588 934 1851 990 conspirauit

261 1016 303 1054 et
334 1009 555 1052 confestim
582 1007 824 1050 Vadomarii
850 1007 967 1063 plebs
987 1038 1115 1050 .....
1150 1011 1199 1049 ut
1227 1004 1712 1061 adserebat-agminibus
1738 1003 1850 1048 bella

261 1083 467 1124 cientium
500 1080 775 1122 barbarorum
807 1092 896 1121 sese
928 1079 1160 1120 coniunxit.

320 1150 626 1207 Reponendum
667 1149 839 1191 videtur
880 1150 924 1190 in
966 1150 1101 1205 spatio
1143 1160 1356 1205 congruo:
1391 1150 1432 1189 et
1464 1146 1685 1189 confestim
1719 1145 1851 1189 Vado-

262 1224 387 1265 marii
429 1221 547 1278 plebs
591 1220 893 1274 consanquineis
932 1244 988 1252 —
1031 1225 1080 1262 ut
1123 1219 1340 1262 adserebat
1374 1242 1429 1250 -
1462 1218 1710 1274 agminibus
1741 1217 1850 1260 bella

261 1295 468 1336 cientium
511 1293 786 1335 barbarorum
828 1305 918 1333 sese
959 1293 1193 1334 coniunxit.
1236 1290 1330 1347 Ipse
1367 1288 1626 1332 Ammianus
1657 1290 1850 1346 agnoscit

262 1363 520 1408 vocabulum
548 1365 784 1405 insertum:
814 1362 961 1414 (XXX
997 1362 1065 1413 10,
1100 1362 1144 1414 6)
1175 1361 1287 1417 quod
1317 1360 1405 1411 ille,
1433 1366 1483 1403 ut
1509 1365 1600 1403 erat
1625 1359 1851 1402 beniuolus

262 1441 304 1478 et
331 1436 507 1492 peritus,
535 1433 862 1488 eonsanyuineum
890 1435 1049 1489 pietate
1074 1434 1208 1475 nimia
1234 1431 1385 1475 dilexit
1402 1436 1445 1475 et
1462 1431 1685 1483 educauit,
1703 1429 1851 1483 (XXX

264 1507 304 1557 8,
334 1507 360 1548 4
386 1504 598 1561 exempla)
626 1506 906 1548 humanitatis
929 1509 971 1548 et
987 1506 1174 1561 pietatis,
1192 1518 1296 1560 quas
1313 1505 1522 1560 sapientes
1540 1503 1852 1558 consanquineas

262 1579 479 1620 uirtutum
526 1590 615 1619 esse
663 1576 870 1619 definiunt
916 1576 1062 1619 bonas.
1111 1574 1304 1620 Gitemus
1350 1576 1482 1618 etiam
1531 1573 1754 1618 Claudian.
1801 1572 1851 1615 In

263 1648 360 1692 Rus.
393 1647 434 1690 II
467 1646 555 1690 238

521 1739 631 1793 Quid
662 1739 972 1794 consanquineas
1003 1737 1121 1790 acies,
1155 1737 1258 1794 quid
1291 1736 1448 1781 dividis
1480 1736 1585 1780 olim

520 1810 754 1855 Concordes
786 1807 977 1866 aquilas?

323 1932 422 1974 XVI
460 1932 527 1984 12,
563 1932 617 1975 61
662 1932 876 1974 inmensum
908 1936 1097 1988 quantum
1128 1932 1175 1973 ab
1208 1946 1249 1973 eo
1282 1931 1470 1986 differens
1502 1930 1577 1985 qui
1609 1932 1704 1985 post
1735 1928 1848 1971 feros

262 2003 550 2060 lugubresque
581 2008 762 2046 terrores
794 2003 1006 2046 cineribus
1038 2001 1277 2047 Galliarum
1309 2000 1522 2044 insultans
1551 1999 1690 2042 multa
1715 2001 1850 2042 mina-

263 2074 390 2117 batur
421 2079 463 2117 et
494 2088 632 2118 saeua.

384 2166 468 2209 Hic
498 2181 581 2209 non
613 2180 839 2223 possumus
871 2180 952 2209 non
984 2179 1234 2222 componere
1266 2164 1393 2221 Verg.
1425 2164 1529 2206 Aen.
1564 2161 1606 2205 II
1638 2161 1726 2205 274

1163 2239 1372 2292 quantum
1403 2237 1597 2276 mutatus
1629 2233 1681 2276 ab
1710 2231 1787 2276 illo

383 2306 579 2359 Hectore,
612 2309 686 2364 qui
716 2308 827 2351 redit
858 2309 1035 2351 exuvias
1065 2306 1241 2350 indutus
1272 2305 1432 2349 Achilli
1462 2319 1497 2348 e.
1517 2318 1556 2361 q.
1577 2318 1609 2346 s.

325 2429 467 2472 XVIII
499 2429 539 2480 4,
574 2428 598 2472 ¹7
647 2429 763 2473 Haec
809 2429 1098 2486 operientibus
1142 2427 1231 2470 illis
1279 2432 1322 2470 et
1366 2427 1543 2483 ancipiti
1590 2426 1848 2482 cogitatione

265 2498 484 2551 districtis,
526 2500 645 2543 nobis
686 2500 798 2557 apud
839 2499 1116 2551 Samosatam,
1162 2497 1441 2555 Commageni
1482 2496 1694 2553 quondam
1726 2499 1849 2554 regni

265 2569 542 2613 clarissimam
584 2571 739 2623 sedem,
780 2585 1010 2628 parumper
1047 2570 1313 2613 morantibus
1353 2572 1524 2625 repente
1565 2570 1666 2611 noui
1706 2572 1850 2610 motus

265 2641 505 2684 rumoribus
537 2641 675 2684 densis
706 2641 938 2684 audiuntur
969 2645 1012 2684 et
1042 2640 1245 2684 concertis.

325 2713 648 2769 Petschenigius
668 2713 702 2766 ²)
732 2713 951 2769 proposuit
982 2713 1182 2763 consertis,
1210 2715 1253 2755 at
1278 2710 1431 2754 Novak
1446 2708 1478 2764 ³)
1505 2709 1691 2753 defendit
1717 2710 1847 2752 certia.

266 2786 332 2828 An
364 2786 446 2828 fuit
476 2786 679 2840 primaria
712 2786 943 2840 scriptura:
1337 2781 1347 2793 ”

313 2909 347 2949 1)
371 2907 459 2939 Illud
482 2906 617 2939 coniecit
642 2906 800 2946 Valesius,
824 2907 884 2939 hoc
908 2905 1076 2949 proposuit
1096 2904 1350 2946 Petschenigius.

313 2963 344 3002 2)
368 2963 452 2994 Phil*
477 2962 541 2994 vol.
566 2964 607 2993 49
631 2973 664 3004 p.
688 2962 763 2996 478.

313 3018 345 3058 3)
368 3017 414 3049 1.1.
439 3027 510 3060 pag.
535 3016 588 3050 27.
