1886 3388
998 252 1025 295 2

219 379 348 421 bonos
379 390 507 434 quam
539 377 590 419 ob
622 390 713 419 rem
743 375 787 418 id
819 389 902 418 non
934 375 1180 425 meruerim,
1213 387 1356 431 quam,
1382 373 1492 430 quod
1519 376 1583 416 est
1609 373 1804 430 grauius,

218 464 292 492 cur
321 449 627 504 inpetrauerim
659 448 887 489 mussitare
911 444 953 498 ¹).

278 520 426 562 Nonne
466 519 698 561 necessario
741 516 1009 559 scribendum
1052 520 1137 559 est:
1180 517 1291 558 inter
1332 514 1495 558 multos
1531 515 1670 557 unus?
1702 512 1805 555 voci

216 590 433 647 suppletae
460 588 691 645 spatiolum
717 587 868 630 saltem
895 587 1063 637 sufficit,
1092 601 1198 643 quae
1215 586 1535 629 commendatur
1552 587 1619 628 his
1638 584 1804 628 verbis:

214 661 361 714 (XXX
393 660 434 711 8,
468 659 512 712 9)
554 675 673 701 unum
714 674 760 700 ex
796 658 934 699 multis
966 662 1159 701 constans
1189 659 1453 700 innocentiae
1486 656 1614 713 uulgi
1647 656 1805 698 ueteris

215 733 428 788 specimen
458 743 628 786 ponam.
661 727 814 773 Confer
847 742 1013 785 quoque
1045 727 1142 780 (XV
1174 728 1214 780 8,
1249 728 1294 780 2)
1326 727 1371 770 id
1402 728 1476 770 ubi
1508 730 1690 784 urgente
1717 739 1807 767 ma·

212 801 353 844 lorum
385 800 708 856 inpendentium
734 799 849 842 mole
876 800 1089 842 confessus
1116 802 1180 842 est
1206 800 1412 855 proximis
1439 797 1714 841 succumbere
1741 798 1807 838 tot

213 872 537 916 necessitatibus
577 875 750 927 tamque
793 871 939 913 crebris
975 886 1095 912 unum
1126 884 1184 921 se,
1219 869 1331 926 quod
1362 882 1598 925 numquam
1632 868 1803 918 fecerat,

213 948 357 1001 aperte
390 943 682 986 demonstrans
715 956 751 984 e.
770 956 809 998 q.
828 956 860 984 s.

275 1085 375 1128 XIV
411 1084 479 1137 11,
514 1083 569 1127 27
596 1083 738 1141 Vulgo
764 1083 918 1127 edunt:
948 1087 1072 1126 natus
1098 1082 1210 1140 apud
1237 1081 1398 1126 Tuscos
1424 1083 1468 1124 in
1497 1081 1637 1125 Massa
1661 1079 1807 1124 Veter-

213 1158 346 1207 nensi,
377 1160 496 1213 patre
528 1154 777 1199 Constantio
810 1152 1076 1198 Constantini
1107 1154 1237 1196 fratre
1268 1154 1552 1210 imperatoris,
1585 1156 1806 1207 matreque

215 1226 342 1271 Galla
385 1241 525 1270 sorore
560 1225 705 1268 Rufini
736 1229 779 1269 et
811 1224 1011 1276 Cerealis,
1045 1239 1151 1281 quos
1184 1224 1352 1267 trabeae
1384 1222 1623 1267 consulares
1654 1221 1803 1264 nobili-

215 1301 359 1341 tarunt
403 1302 445 1340 et
487 1298 786 1354 praefecturae.
834 1294 984 1353 (fuit)
1030 1300 1175 1339 autem
1222 1296 1358 1338 forma
1396 1296 1648 1351 conspicuus
1678 1294 1801 1343 bona,

213 1367 384 1411 decente
416 1367 487 1410 filo
519 1370 704 1424 corporis
735 1367 1114 1423 membrorumque
1142 1370 1255 1409 recta
1282 1380 1483 1423 conpage,
1512 1365 1621 1408 flauo
1648 1363 1802 1422 capillo

211 1444 255 1482 et
286 1438 408 1482 molli
439 1453 474 1482 e.
494 1453 532 1494 q.
553 1453 586 1481 s.

271 1510 617 1566 Exspectaveris:
662 1508 812 1567 (erat)
856 1513 1003 1552 autem
1045 1509 1181 1552 forma
1212 1510 1466 1565 conspicuus
1498 1509 1609 1551 bona
1640 1521 1675 1551 e.
1695 1521 1734 1563 q.
1753 1521 1802 1558 s.,

212 1583 323 1624 sicut
360 1579 618 1624 Ammianus
650 1580 700 1623 de
733 1580 896 1623 Iuliano
928 1580 1074 1623 scribit
1105 1579 1245 1633 (XXV
1279 1579 1318 1633 4,
1354 1579 1429 1631 22)
1461 1579 1684 1622 mediocris
1716 1581 1804 1619 erac

209 1657 395 1695 staturae
407 1666 417 1704 ;
454 1651 503 1694 de
536 1651 712 1694 Valente
745 1650 912 1704 (XXXI
946 1651 1014 1702 14,
1051 1650 1094 1703 3)
1127 1664 1254 1707 super
1285 1650 1352 1692 his
1385 1650 1584 1693 omnibus
1614 1647 1804 1691 liberalis

210 1728 295 1765 erat
341 1737 439 1765 cum
487 1722 798 1774 moderatione;
847 1721 950 1764 ibid.
999 1721 1083 1775 §8
1130 1726 1180 1763 ut
1221 1726 1308 1763 erat
1347 1722 1718 1764 inconsummatus
1761 1723 1804 1761 et

208 1794 326 1836 rudis
370 1797 449 1836 cet.
493 1795 554 1836 Ac
596 1794 782 1850 profecto
822 1795 936 1836 inter
976 1794 1257 1849 praefecturae
1299 1796 1341 1835 et
1381 1797 1511 1834 autem
1542 1793 1685 1849 potius
1717 1794 1805 1833 erat

212 1866 499 1922 praetermitti
531 1866 675 1922 potuit
706 1878 834 1921 quam
859 1865 973 1922 suit.

272 1934 383 1978 Cum
415 1935 577 1978 verbis:
622 1935 792 1978 decente
812 1936 892 1990 filo
925 1937 1110 1993 corporis
1142 1948 1384 1992 comparare
1417 1933 1621 1978 volumus
1653 1932 1801 1990 (Apul.

211 2006 317 2050 Met.
351 2006 406 2048 IV
443 2006 520 2063 23)
552 2008 769 2064 uirginem
789 2007 870 2062 filo
905 2006 1139 2050 liberalem.

274 2147 351 2190 XV
388 2148 425 2199 1,
460 2147 486 2190 4
528 2162 711 2205 namque
753 2150 884 2192 etiam
926 2151 963 2192 si
1004 2149 1266 2192 mundorum
1302 2148 1535 2191 infinitates
1567 2146 1804 2190 Democriti

210 2223 390 2276 regeret,
425 2233 528 2275 quos
561 2220 809 2263 Anaxarcho
839 2221 1043 2263 incitante
1075 2234 1258 2277 magnus
1286 2219 1526 2263 somniabat
1552 2217 1804 2267 Alexander,

211 2289 255 2332 id
286 2294 523 2345 reputasset
553 2289 700 2347 legens
730 2290 801 2333 uel
833 2290 1008 2333 audiens
1037 2290 1149 2348 quod
1177 2315 1233 2323 -
1259 2294 1308 2332 ut
1333 2290 1481 2333 docent
1510 2288 1804 2332 mathematici

214 2362 478 2402 concinentes
509 2385 564 2393 ——
592 2362 779 2404 ambitus
806 2366 943 2405 terrae
966 2364 1113 2417 totius,
1136 2376 1242 2418 quae
1265 2361 1383 2404 nobis
1405 2360 1577 2403 uidetur
1597 2361 1805 2409 inmensa,

218 2428 335 2487 (ad)
369 2431 714 2488 magnitudinem
747 2434 1040 2476 uniuersitatis
1072 2434 1206 2475 instar
1238 2433 1382 2475 breuis
1416 2433 1581 2488 optinet
1612 2431 1775 2487 puncti.

276 2501 411 2552 Quam
444 2505 726 2545 necessarium
757 2505 813 2546 sit
845 2505 912 2555 ad,
942 2503 1128 2547 declarat
1155 2503 1272 2546 locus
1301 2502 1470 2554 similis,
1499 2500 1671 2544 Tuscul.
1701 2500 1722 2542 I
1749 2499 1806 2542 40

216 2572 470 2627 persuadent
502 2574 615 2616 enim
648 2574 940 2617 mathematici
975 2578 1132 2617 terram
1163 2575 1210 2616 in
1242 2573 1382 2616 medio
1413 2572 1564 2615 mundi
1595 2574 1723 2615 sitam
1753 2571 1808 2612 ad

216 2643 404 2685 universi
437 2642 543 2686 caeli
575 2643 849 2700 complexum
881 2647 1002 2702 quasi
1034 2646 1181 2702 puncti
1212 2646 1347 2687 instar
1378 2644 1579 2686 obtinere.

279 2782 352 2825 XV
385 2783 426 2835 2,
463 2782 486 2827 7
520 2784 631 2840 quod
658 2799 682 2828 a
708 2785 882 2829 Macelli
910 2786 1040 2829 fundo
1065 2787 1110 2829 in
1139 2786 1404 2843 Cappadocia
1429 2786 1567 2842 posito
1589 2783 1642 2827 ad
1659 2784 1806 2826 Asiam

221 2947 298 3042 (1ἐέ
319 2946 456 3036 Τεκῐυγω
480 2947 554 2980 dedi
577 2949 754 2981 secundum
777 2948 951 2982 editionem
977 2949 1225 2989 Gardthauseni,
1250 2960 1332 2993 quae
1355 2949 1477 2992 prodiit
1496 2948 1582 2992 apud
1602 2948 1807 2982 Toubnerum

302 3003 410 3034 4-18
438 3004 480 3043 5).
