1886 3388
991 256 1048 299 28

223 379 285 420 ita
326 378 478 431 dicam,
519 379 585 422 die
626 382 788 436 surgat.
833 379 1058 422 officiosior
1101 377 1349 435 meliorque,
1392 380 1428 421 si
1463 379 1556 436 quis
1586 378 1713 421 illum
1746 392 1813 421 ex-

224 452 386 505 spectat
417 454 459 492 et
489 449 628 492 lucem
660 453 847 506 primam
876 449 1007 491 caruit:
1035 450 1174 505 turpis
1202 450 1276 505 qui
1303 449 1388 492 alto
1415 449 1502 493 sole
1529 451 1813 493 semisomnus

222 521 344 569 iacet,
379 521 499 562 cuius
531 520 682 577 vigilia
712 520 852 563 medio
884 519 950 562 die
982 520 1147 575 incipit,
1181 523 1223 563 et
1255 519 1393 563 adhuc
1417 519 1568 563 multis
1592 520 1671 563 hoc
1697 523 1813 563 ante-

221 589 424 632 lucanum
456 595 534 633 est.

284 661 366 703 Pro
402 662 511 702 exuit
541 660 772 704 Buecheler
803 662 982 704 coniecit
1013 661 1134 703 eruit.
1167 661 1315 704 Nonne
1348 661 1530 705 Senecae
1562 662 1810 706 reddemus:

221 734 263 773 et
304 730 444 773 lucem
485 733 667 788 primam
711 730 885 774 excivit?
930 730 1163 776 Confirmat
1195 746 1265 775 me
1295 732 1409 775 Dial.
1443 732 1528 775 XII
1559 733 1631 786 (ad
1662 732 1811 786 Helv.)

224 800 263 852 ’7,
292 802 318 843 4
351 801 456 844 alios
487 801 569 844 alia
601 816 726 845 causa
758 803 904 844 ezeivz't
938 802 1149 845 domibus.

282 872 398 915 Idem
427 874 605 916 verbum
631 873 917 916 revocandum
935 873 1105 917 videtur
1122 888 1250 930 supra
1265 874 1343 932 Ep.
1364 873 1435 925 53,
1455 873 1481 917 6
1498 874 1607 918 levis
1624 874 1811 931 aliquem

220 943 487 986 motiuncula
518 944 706 1000 decepit;
734 944 806 987 sed
833 959 931 987 cum
961 946 1096 988 crevit
1124 948 1166 988 et
1193 959 1294 988 vera
1321 944 1450 988 febris
1479 947 1650 998 exarsit,
1680 946 1812 989 etiam

219 1013 323 1056 duro
355 1018 397 1056 et
428 1016 679 1071 perpessicio
713 1015 1020 1058 confessionem
1053 1015 1212 1058 excivit.

279 1085 363 1127 Hic
395 1089 540 1128 autem
572 1085 672 1128 libri
704 1088 985 1142 manuscripti
1017 1086 1219 1130 exhibent
1251 1091 1326 1130 aut
1357 1087 1506 1141 esec-ipit
1537 1090 1612 1130 aut
1645 1088 1810 1142 exve-epit,

219 1156 331 1213 quod
363 1156 564 1214 Agricola
596 1159 787 1201 mutavit
818 1159 864 1200 in
898 1157 1098 1212 emp-imit,
1132 1158 1273 1202 Haase
1306 1160 1350 1201 in
1384 1158 1546 1201 excutit.

664 1432 741 1475 AD
774 1431 1033 1476 SENECAE
1065 1430 1362 1475 DIALOGOS.

276 1553 385 1596 Dial.
418 1553 437 1596 Ι
464 1554 532 1606 (de
559 1558 697 1610 prov.)
727 1554 767 1605 3,
796 1554 822 1596 8
851 1553 954 1596 felix
981 1558 1045 1596 est
1071 1553 1119 1596 L.
1147 1552 1282 1605 Sulla,
1308 1552 1419 1609 quod
1445 1551 1514 1595 illi
1539 1552 1809 1595 descendenti

215 1625 266 1668 ad
298 1625 438 1667 forum
469 1624 614 1682 gladio
647 1629 957 1676 summovetur,
992 1624 1104 1680 quod
1136 1625 1276 1681 capita
1308 1625 1391 1667 sibi
1421 1623 1712 1667 consularium
1743 1624 1810 1667 vi-

214 1711 361 1739 rorum
400 1699 566 1753 patitur
603 1696 768 1739 ostendi
799 1700 841 1739 et
874 1697 1063 1753 pretium
1096 1695 1233 1739 caedis
1265 1710 1340 1752 per
1372 1699 1637 1752 quaestorem
1669 1709 1717 1738 ac
1749 1699 1809 1738 ta-

213 1767 336 1810 bulas
368 1767 559 1824 publicas
591 1766 816 1810 numerat?
849 1771 892 1810 et
924 1768 1026 1810 haec
1052 1769 1193 1810 omnia
1219 1767 1321 1810 facit
1351 1767 1433 1817 ille,
1462 1767 1536 1809 ille
1562 1767 1637 1823 qui
1662 1766 1806 1824 legem

217 1837 457 1883 Corneliam
489 1839 591 1881 tulit
612 1839 657 1891 ¹).

277 1909 371 1952 Non
398 1910 545 1953 debuit
566 1910 784 1953 Schultess
816 1911 1002 1953 conicere
1035 1910 1107 1952 ille
1138 1910 1264 1961 Sulla,
1302 1923 1428 1960 „nam
1462 1908 1585 1952 facile
1615 1910 1809 1966 gemina-

216 1983 376 2024 tionem
419 1985 593 2024 tuentur
634 1982 738 2024 haec
781 1981 976 2037 exempla
1017 1982 1245 2024 Annaeana
1286 1980 1364 2037 Ep.
1398 1979 1469 2030 29,
1504 1980 1531 2023 2
1562 1980 1673 2023 illud
1704 1982 1803 2033 scio,

216 2052 343 2096 alicui
386 2067 455 2095 me
496 2053 782 2109 profuturum,
821 2054 857 2095 si
889 2052 1049 2095 multos
1080 2052 1353 2102 admonuero,
1387 2051 1623 2109 spargenda
1653 2066 1806 2095 manus

216 2129 292 2168 est.
320 2139 399 2167 non
429 2128 569 2180 potest
597 2123 701 2174 fieri,
731 2128 779 2166 ut
806 2138 889 2166 non
917 2123 1145 2180 aliquando
1162 2123 1358 2166 succedat
1375 2122 1514 2165 multa
1530 2123 1804 2180 temptanti'’.

217 2197 287 2238 boc
326 2196 408 2246 7200,
451 2196 513 2236 mi
549 2194 702 2245 Lucili,
735 2209 817 2237 non
850 2196 1049 2238 existimo
1082 2209 1238 2251 magno
1270 2195 1363 2237 viro
1394 2193 1658 2246 faciendum;
1691 2192 1804 2237 Dial.

216 2266 301 2310 XII
334 2266 403 2319 (ad
434 2265 582 2318 Helv.)
616 2266 656 2316 2,
692 2265 716 2307 5
761 2270 928 2309 transeo
961 2270 1026 2309 tot
1056 2265 1259 2322 pericula,
1293 2269 1359 2308 tot
1390 2269 1544 2316 metus,
1579 2279 1682 2322 quos
1713 2267 1805 2308 sine

214 2336 440 2380 intervallo
485 2339 529 2379 in
571 2341 612 2380 te
653 2338 910 2380 incursantis
952 2337 1192 2394 pertulisti:
1238 2338 1347 2379 modo
1390 2338 1496 2379 modo
1537 2338 1581 2379 in
1622 2336 1804 2380 eundem

215 2410 373 2458 sinum,
407 2423 458 2450 ex
490 2422 573 2463 quo
605 2411 689 2450 tres
720 2411 892 2464 nepotes
926 2410 1140 2460 emiseras,
1175 2422 1269 2450 ossa
1302 2408 1438 2450 trium
1465 2411 1671 2464 nepotum
1697 2422 1806 2451 rece-

217 2481 338 2535 pisti;
375 2478 484 2521 Dial.
518 2478 575 2520 IV
607 2478 675 2531 (de
707 2480 771 2521 ira
796 2479 869 2522 lib.
901 2479 945 2532 2)
976 2479 1046 2533 29,
1078 2479 1103 2521 3
1132 2484 1360 2535 antequam
1388 2478 1547 2530 audias,
1575 2483 1803 2536 antequam

215 2552 463 2607 interroges,
498 2554 725 2606 antequam
757 2550 822 2593 illi
855 2555 929 2593 aut
960 2555 1245 2593 accusatorem
1279 2565 1405 2593 suum
1433 2565 1554 2593 nosse
1579 2550 1706 2594 liceat
1729 2555 1804 2594 aut

216 2624 391 2672 crimen,
412 2622 631 2664 irasceris?
648 2621 728 2662 iam
746 2623 859 2664 enim
877 2622 952 2663 iam
971 2624 1188 2678 utrimque
1203 2622 1367 2681 (quid)
1387 2622 1599 2664 diceretur
1616 2620 1803 2665 audisti?

275 2693 421 2748 Neque
449 2692 804 2748 praetereundum
832 2707 979 2735 censeo
1008 2692 1108 2735 Sall.
1133 2692 1237 2735 Bell.
1263 2691 1354 2736 Cat.
1375 2692 1446 2744 20,
1468 2692 1522 2735 14
1541 2692 1650 2745 Quin
1666 2694 1803 2751 igitur

215 2760 584 2819 expergiscimini?
617 2777 668 2804 en
699 2763 789 2814 illa,
823 2764 912 2818 illa,
947 2777 1076 2820 quam
1103 2777 1225 2820 saepe
1252 2765 1444 2820 optastis,
1473 2763 1659 2819 libertas,
1688 2778 1803 2821 prae-

214 2837 328 2876 terea
361 2833 551 2884 divitiae,
585 2833 725 2885 decus,
758 2833 895 2891 gloria
926 2836 970 2877 in
1004 2834 1137 2878 oculis
1169 2836 1251 2877 sita
1283 2839 1397 2878 sunt.

261 2976 297 3017 1)
325 2976 461 3006 Textum
491 2974 564 3006 dedi
589 2974 762 3005 secundum
787 2974 972 3013 editionem,
997 2985 1091 3017 quam
1116 2975 1252 3008 Hermes
1275 2975 1411 3008 curavit.
1442 2975 1525 3008 Haec
1550 2980 1658 3008 autem
1682 2977 1802 3018 prodiit

213 3029 340 3072 Lipsiae
364 3030 450 3072 apud
474 3029 677 3062 Teubnerum
701 3029 739 3060 a⁰
765 3029 860 3060 1905.
