1886 3388
989 246 1018 288 4

271 372 373 414 Post
404 385 424 411 e
454 369 676 412 litteram:

270 440 412 483 XXVI
444 440 486 491 2,
522 439 546 483 '7
591 438 756 481 utiliter
780 435 1092 495 ylori08e<que>
1126 437 1373 494 complestis
1405 439 1476 495 (cf.
1507 439 1628 482 XVII
1663 439 1733 491 11,
1768 439 1790 481 1

208 525 486 568 prospereque
517 509 711 566 conpleta
722 522 732 560 3
768 508 873 550 XXI
909 507 977 560 13,
1014 507 1067 550 13
1098 508 1266 552 feritate
1299 524 1455 566 speque
1487 515 1733 567 postrema).

267 582 369 624 Post
401 586 416 622 t
447 580 662 623 litteram:

265 651 413 694 XXXI
446 650 487 703 3,
521 650 548 693 8
579 651 769 706 adposita
800 664 990 706 quaeque
1017 649 1221 693 conuellit
1241 649 1273 704 ¹)
1301 652 1700 712 corrumpit<que>3
1722 666 1798 706 po-

205 722 296 779 puli
340 735 436 778 pars
478 735 512 764 e.
533 736 571 777 q.
591 735 623 763 s.
666 721 736 773 (cf.
781 720 887 763 XXI
924 720 991 772 15,
1025 720 1052 763 2
1101 721 1300 764 tendebat
1342 723 1544 779 uenitque
1588 722 1794 774 Tarsum;

203 793 309 835 XXI
345 791 412 844 16,
449 790 502 834 17
537 796 708 847 eratque
742 805 869 848 super
901 791 968 834 his
1000 791 1187 835 adimere
1220 792 1343 836 facile
1355 806 1365 844 ς
1401 792 1506 835 XXI
1543 793 1610 845 16,
1644 793 1698 836 12
1730 798 1798 836 ut·

204 878 286 921 que
317 868 428 905 recte
461 864 720 915 sentientes).

264 933 364 976 Tale
403 947 557 990 agmen
589 937 770 989 cogatur
799 932 993 989 exemplo
1026 933 1295 977 memorabili
1327 933 1559 977 admodum
1592 933 1795 987 (XXVIII

204 1004 245 1056 4,
280 1003 345 1057 ¹7):
379 1006 704 1061 praenominum
736 1003 990 1047 claritudine
1017 1006 1234 1061 conspicui
1261 1005 1450 1061 quidam,
1480 1010 1530 1048 ut
1555 1009 1721 1062 putant,
1749 1007 1795 1048 in

203 1077 464 1118 immensum
497 1079 632 1118 semet
664 1074 889 1127 extollunt,
923 1089 1022 1118 cum
1050 1075 1230 1118 Reburri
1257 1080 1300 1119 et
1325 1076 1524 1119 Flabunii
1551 1081 1589 1118 et
1615 1077 1798 1134 Pagonii

204 1144 489 1202 Gereonesque
520 1145 787 1202 appellentur
815 1162 862 1187 ao
887 1145 1002 1189 Dalii
1029 1162 1112 1188 cum
1138 1146 1345 1190 Tarraciis
1373 1153 1411 1189 et
1435 1147 1652 1199 Perrasiis,
1681 1147 1796 1191 aliis-

202 1232 275 1273 que
306 1219 366 1260 ita
398 1217 547 1260 decens
580 1218 825 1260 sonantibus
855 1219 1074 1275 originum
1105 1219 1348 1276 insignibus
1381 1218 1550 1262 multis.

264 1369 342 1411 XV
374 1369 415 1421 4,
449 1370 476 1412 8
496 1402 655 1413 ......
700 1371 784 1413 uisi
821 1384 843 1413 e
874 1369 1046 1414 latebris
1079 1372 1221 1414 hostes
1253 1370 1435 1414 exiliunt
1467 1376 1509 1414 et
1543 1373 1632 1415 sine
1665 1373 1795 1428 parsi-

204 1442 345 1483 monia
387 1441 587 1497 quicquid
629 1441 780 1484 offendi
821 1446 999 1498 poterat,
1033 1441 1217 1485 telorum
1248 1456 1402 1499 genere
1435 1441 1670 1499 multiplici
1701 1457 1795 1486 cou-

205 1511 409 1568 figebant.

259 1580 430 1625 Conicio
466 1583 510 1624 in
543 1583 680 1626 fronte
711 1585 956 1634 sententiae,
991 1584 1064 1626 ubi
1097 1583 1123 1626 9
1156 1583 1326 1627 litterae
1359 1588 1642 1636 evanuerunt,
1677 1586 1796 1628 resti·

200 1652 408 1694 tuendum
441 1666 552 1696 esse:
587 1654 791 1708 inprouiso
812 1653 858 1707 ²),
892 1656 962 1697 cui
994 1655 1110 1698 favet
1140 1654 1302 1707 (XXIV
1336 1654 1376 1706 4,
1410 1654 1510 1709 29):
1551 1655 1790 1699 subsedisse

201 1737 372 1766 manum
416 1724 721 1767 insidiatricem
751 1724 946 1777 latenter,
980 1730 1030 1768 ut
1057 1726 1261 1780 inprouiso
1293 1725 1391 1769 inde
1424 1730 1571 1769 exorta
1603 1727 1791 1783 agminis

199 1796 333 1837 nostri
361 1798 481 1852 terga
514 1795 659 1838 feriret
693 1800 896 1839 extrema.

262 1945 340 1987 XV
376 1944 415 1997 ’7,
451 1946 477 1989 3
519 1946 750 2004 diebusque
793 1950 939 2004 paucis
981 1950 1137 1991 secutis
1180 1963 1279 1991 cum
1320 1948 1472 1992 itidem
1505 1948 1623 2005 plebs
1655 1951 1793 1992 excita

201 2015 337 2059 calore
380 2032 461 2073 quo
494 2020 726 2070 consuevit,
760 2020 851 2061 uini
883 2019 1092 2062 causando
1124 2021 1329 2076 inopiam,
1363 2019 1414 2061 ad
1447 2019 1792 2076 Septemzodium

201 2090 480 2139 conuenisset,
523 2088 730 2132 celebrem
771 2089 926 2141 locum,
959 2090 1034 2132 ubi
1066 2092 1204 2146 operis
1236 2091 1452 2133 ambitiosi
1484 2091 1791 2148 Nymphaeum

200 2157 371 2201 Marcus
402 2159 589 2202 condidit
621 2162 863 2217 imperator,
895 2160 999 2204 illuc
1032 2161 1081 2203 de
1108 2161 1316 2204 industria
1344 2176 1522 2219 pergens
1552 2163 1792 2218 praefectus

200 2229 251 2271 ab
294 2231 410 2272 omni
452 2235 552 2286 toga
588 2233 934 2287 apparitioneque
965 2232 1193 2288 rogabatur
1224 2233 1404 2283 enixius,
1436 2247 1488 2275 ne
1520 2234 1564 2274 in
1595 2232 1794 2275 multitu-

203 2299 346 2342 dinem
388 2314 431 2343 se
472 2301 749 2358 adrogantem
790 2304 1045 2346 immitteret
1087 2307 1130 2346 et
1167 2305 1390 2354 minacem,
1425 2317 1476 2345 ex
1508 2306 1791 2347 commotione

202 2372 381 2426 pristina
412 2373 693 2414 saeuientem:
728 2373 910 2415 difficilis
942 2373 994 2416 ad
1020 2387 1223 2429 pauorem
1252 2379 1365 2417 recte
1391 2374 1571 2416 tetendit
1596 2375 1713 2426 adeo,
1743 2379 1793 2417 ut

204 2457 302 2484 eum
329 2442 650 2500 obsequen<tium
674 2443 804 2500 pars>
835 2445 1057 2496 desereret,
1081 2444 1182 2488 licet
1198 2447 1241 2488 in
1258 2444 1497 2502 periculum
1516 2446 1791 2489 festinantem

204 2513 448 2568 abruptum.

266 2581 433 2626 Gelenii
465 2584 813 2641 supplementum
847 2587 943 2628 tium
967 2602 1068 2641 pars
1100 2586 1296 2630 lacunam
1333 2587 1386 2629 12
1411 2586 1498 2630 litt.
1526 2602 1608 2630 non
1635 2587 1790 2644 explet.

206 2654 458 2697 Ammianus
505 2669 604 2699 vero
647 2657 820 2700 fortasse
863 2657 1000 2700 dedit:
1046 2662 1096 2700 ut
1139 2672 1239 2700 eum
1279 2658 1566 2714 obsequentium
1608 2658 1791 2701 adulatio

251 2836 287 2878 1)
312 2836 513 2869 Allitteratio
539 2837 683 2880 quaesita
707 2843 766 2878 est,
786 2839 825 2872 cf.
845 2839 951 2872 XXXI
973 2840 1024 2878 10,
1046 2840 1087 2871 14
1106 2839 1282 2872 caedebant
1300 2840 1539 2883 cadebantqu03
1560 2839 1664 2873 XXXI
1682 2840 1733 2880 10,
1748 2840 1789 2872 18

208 2891 256 2930 (=
288 2890 362 2922 XVI
388 2893 417 2930 5,
443 2892 475 2931 6)
500 2903 561 2934 quo
588 2897 770 2936 quantoque
794 2898 855 2926 cet.

254 2945 285 2984 2)
310 2945 347 2977 O.
372 2946 534 2978 Guenther
557 2947 790 2989 (Quaestiones
813 2949 1024 2983 Ammianeao
1047 2950 1178 2983 criticae
1199 2950 1373 2992 Gottingae
1394 2950 1491 2991 1888)
1505 2960 1578 2993 pag.
1593 2951 1632 2982 15
1646 2949 1791 2994 postulat

211 3004 267 3030 aut
290 2999 454 3041 improuisi
477 3012 493 3033 e
516 3001 650 3034 latebris
674 3009 730 3035 aut
752 3004 854 3035 subito
879 3004 952 3036 uisi.
