1886 3388
1015 254 1076 298 20

315 380 463 423 XXXI
487 379 528 430 2,
557 379 584 420 4
609 392 684 421 nec
709 379 823 420 enim
850 376 963 433 apud
989 390 1059 419 eos
1077 375 1148 418 uel
1165 375 1369 418 arundine
1387 375 1641 432 fastigatum
1657 372 1833 430 reperiri

252 454 477 508 tugurium
509 453 660 506 potest.
694 448 765 491 sed
796 449 899 504 uagi
930 450 1095 490 montes
1122 450 1395 503 peragrantes
1422 454 1465 489 et
1491 444 1634 496 siluas,
1662 444 1835 501 pruinas

252 524 409 566 famem
442 522 642 576 sitimque
672 535 770 573 per.
792 551 801 561 .
821 550 860 562 ..
894 518 944 560 ab
975 517 1230 559 incunabulis
1260 516 1527 560 adsuescunt.

310 593 359 635 In
387 592 537 634 lacuna
571 591 625 633 10
656 590 741 632 litt.
770 605 851 632 non
879 588 1033 632 sufficit
1058 588 1255 644 supplere
1274 586 1556 644 per<ferre>.
1584 587 1733 643 Itaque
1761 583 1835 628 ede

251 676 443 707 mecum:
479 662 637 704 famem
669 662 870 716 sitimque
897 660 1129 719 per<ferre
1159 657 1288 714 ipsis>
1315 659 1366 701 ab
1393 658 1646 700 incunabulis
1672 657 1839 700 adsues-

250 738 364 786 cunt,
398 734 448 776 cf.
477 732 642 774 XXVII
672 731 710 782 6,
730 731 756 774 8
783 746 864 785 non
891 731 1031 788 rigido
1059 729 1179 773 cultu
1206 731 1254 771 ab
1281 729 1530 771 incunabulis
1556 728 1658 783 ipsis
1685 733 1734 769 ut
1760 739 1838 769 nos

249 806 489 855 educatum,
517 818 591 846 nec
619 802 843 845 tolerantia
868 815 1012 845 rerum
1039 800 1245 844 coalitum
1273 814 1518 857 asperarum
1544 814 1579 843 e.
1594 813 1679 855 q.s.
1713 798 1838 840 Prae-

248 881 363 919 terea
395 878 549 918 citetur
581 873 784 916 Prudent.
819 873 972 916 Perist.
1006 872 1046 915 X
1080 872 1166 915 680

464 956 594 1009 „Quis
626 955 814 1005 auctor''‚
847 955 1000 1011 inquit,
1036 955 1180 1005 „vocis
1212 957 1276 997 est
1307 954 1436 996 huius
1468 950 1603 995 tibi?’'

521 1025 754 1083 Respondit
785 1025 882 1068 ille:
919 1025 1087 1077 „Mater
1118 1029 1160 1067 et
1190 1026 1320 1067 matri
1351 1024 1480 1067 Deus.

465 1097 570 1149 „Illa
601 1112 653 1140 ex
684 1100 857 1153 parente
890 1098 1044 1153 spiritu
1076 1096 1197 1139 docta
1225 1096 1381 1139 inbibit

523 1168 642 1221 „Quo
675 1182 744 1210 me
774 1169 880 1210 inter
910 1167 1002 1222 ipsa
1033 1170 1221 1223 pasceret
1252 1167 1448 1210 cunabula
1473 1166 1514 1219 ¹).

311 1300 460 1343 XXXI
491 1301 532 1353 2,
567 1300 592 1343 9
626 1315 759 1357 eoque
791 1301 985 1344 omnium
1012 1301 1239 1343 acerrimos
1267 1298 1387 1343 facile
1414 1298 1571 1342 dixeris
1597 1296 1836 1349 bellatores,

255 1372 366 1428 quod
396 1371 544 1428 procul
575 1371 812 1414 missilibus
845 1371 955 1424 telis,
988 1373 1124 1415 acutis
1157 1371 1320 1415 ossibus
1352 1385 1428 1427 pro
1457 1368 1718 1427 spiculorum
1743 1383 1841 1412 acu-

251 1445 366 1486 mine
404 1447 493 1486 arte
534 1444 643 1486 mira
686 1444 1006 1500 coagmentatis,
1048 1446 1091 1485 et
1131 1442 1277 1485 distint
1296 1473 1425 1485 .....
1459 1442 1698 1484 comminus
1730 1440 1839 1484 ferro

251 1516 340 1557 sine
373 1515 440 1556 sui
473 1518 665 1570 respectu
702 1512 982 1571 (constipant)
1018 1528 1053 1556 e.
1072 1528 1110 1570 q.
1130 1528 1163 1556 s.

311 1584 478 1628 Cubant
522 1587 567 1627 in
615 1586 754 1641 priore
796 1584 947 1628 lacuna
990 1584 1044 1627 12
1085 1584 1267 1635 litterae,
1311 1585 1346 1626 si
1378 1584 1515 1640 igitur
1547 1584 1840 1640 scripserimus

250 1655 460 1697 distantiis
504 1656 693 1706 decursis,
743 1658 931 1712 spatium
978 1670 1164 1698 vacuum
1205 1654 1459 1711 explebitur.
1504 1653 1652 1711 Ipsum
1694 1657 1839 1697 autem

251 1725 599 1782 supplementum
646 1727 970 1769 commendatur
1014 1731 1055 1769 et
1097 1726 1399 1769 allitteratione
1441 1729 1484 1768 et
1524 1725 1601 1768 hoc
1644 1724 1839 1781 exemplo

252 1796 386 1839 simili
417 1797 582 1848 (XXXI
616 1797 685 1848 12,
722 1797 793 1850 11)
826 1798 1002 1839 decursis
1034 1800 1177 1853 itaque
1209 1799 1381 1840 uiarum
1408 1797 1567 1851 spatiis.
1598 1795 1841 1839 Laudemus

252 1869 382 1910 etiam
414 1867 581 1920 (XXXI
617 1867 685 1919 13,
721 1866 763 1921 ¹7)
797 1868 942 1924 solque
977 1868 1202 1911 sublimior
1232 1869 1391 1910 decurso
1430 1869 1552 1910 Leone
1584 1881 1620 1910 e.
1639 1882 1678 1924 q.
1697 1881 1729 1910 s.

314 1937 472 1980 Verum
505 1938 735 1993 confliquizt,
768 1939 878 1995 quod
910 1953 1056 1982 omnes
1089 1939 1174 1982 fere
1206 1939 1386 1981 editores
1414 1941 1674 1995 receperunt,
1706 1937 1838 1981 defen·

255 2007 362 2050 dunt
394 2008 543 2050 XXXI
578 2009 618 2060 5,
653 2009 678 2051 9
691 2024 701 2062 ;
736 2009 886 2052 XXXI
919 2009 988 2062 13,
1025 2010 1052 2053 4
1084 2014 1163 2053 cet,

318 2140 468 2183 XXXI
494 2140 534 2192 5,
567 2141 621 2184 10
647 2141 826 2184 sufficiet
845 2174 1003 2185 ......
1031 2143 1144 2198 ipsas
1172 2155 1316 2184 rerum
1342 2141 1532 2198 digerere
1555 2142 1841 2183 summitates.

317 2211 477 2254 Eadem
516 2212 602 2254 fere
643 2214 710 2255 vis
749 2214 860 2256 inest
890 2214 933 2255 in
965 2213 1129 2256 verbis:
1163 2212 1307 2269 (Verg.
1342 2213 1446 2255 Aen.
1478 2212 1498 2254 I
1532 2212 1636 2266 342)
1668 2225 1839 2255 summa

257 2295 408 2337 sequar
437 2282 611 2339 fastigia
642 2297 800 2326 rerum.

311 2949 345 2992 1)
378 2950 426 2983 Cf.
458 2961 538 2992 quae
563 2951 601 2982 de
625 2950 684 2983 hac
708 2962 740 2983 re
762 2951 926 2994 disputavi
949 2952 1057 2984 Revue
1080 2952 1119 2984 de
1142 2952 1265 2985 l'Instr.
1288 2951 1379 2995 publ.
1403 2962 1441 2983 en
1465 2951 1556 2994 Belg.
1581 2951 1666 2983 1909
1691 2961 1764 2994 pag.
1789 2950 1831 2983 30

265 3006 297 3034 et
320 3004 372 3036 31.
