1886 3388
814 209 866 252 11

112 331 238 374 XXII
272 331 313 382 8,
343 331 399 373 10
431 332 568 373 omnis
595 334 740 374 autem
768 331 860 373 eius
886 329 1010 373 uelut
1035 330 1236 373 insularis
1261 331 1463 373 circuitus
1489 330 1641 374 litorea

49 403 268 458 nauigatio
310 402 470 458 uiginti
509 401 646 443 tribus
689 401 880 444 dimensa
921 400 1100 443 milibus
1131 401 1383 451 stadiorum,
1417 406 1466 443 ut
1498 401 1642 444 Erato-

47 471 215 514 sthenes
246 471 442 514 adfirmat
474 476 515 513 et
548 470 785 514 Hecataeus
813 476 855 514 et
884 470 1157 514 Ptolomaeus
1184 471 1342 527 aliique
1368 472 1497 513 huius
1523 471 1639 514 modi

46 543 340 598 cognitionum
371 543 653 584 minutissimi
686 544 903 585 scitatores
938 542 1045 602 (in)
1079 543 1262 598 speciem
1293 541 1485 598 Scythici
1518 556 1638 584 arcus

45 627 176 656 neruo
207 613 493 670 coagmentati
524 613 811 669 geographiae
844 614 976 656 totius
1010 613 1254 655 adsensione
1286 613 1506 655 formatur.

106 684 160 725 In
189 683 350 726 addidit
376 682 578 726 Gelenius
603 697 740 739 neque
771 683 879 725 mihi
908 682 1116 739 displicet.
1146 682 1467 725 Observandum
1494 688 1637 725 tamen

45 758 109 797 est
134 755 190 795 ad
212 768 296 796 non
323 755 466 796 minus
493 755 731 804 convenire,
760 753 811 795 cf.
840 752 962 795 XVII
989 754 1030 803 4,
1058 753 1109 795 15
1137 755 1193 795 ad
1208 755 1392 809 speciem
1409 753 1605 796 liciorum
1621 767 1631 804 3

46 823 169 866 XXII
197 824 266 875 15,
295 823 350 866 21
380 825 435 864 ad
455 825 639 879 speciem
656 837 887 879 equorum3
918 823 1043 865 XXII
1062 822 1131 874 15,
1150 823 1206 865 29
1224 825 1279 865 ad
1293 825 1407 880 ignis
1425 825 1631 880 speciem;

46 895 194 937 XXIII
226 895 266 946 6,
300 895 357 937 28
389 899 432 937 et
465 894 520 938 57
555 898 634 936 cet.

105 966 272 1022 Regnat
314 970 459 1008 autem
501 964 647 1007 eadem
689 965 873 1006 varietas
910 965 1021 1007 inter
1053 967 1108 1007 ad
1137 966 1291 1006 modum
1322 969 1365 1007 et
1394 965 1436 1006 in
1468 966 1633 1016 modum,

46 1036 98 1079 cf.
131 1035 228 1078 XIV
262 1036 330 1087 10,
366 1036 421 1078 10
447 1037 501 1076 ad
527 1036 638 1077 hunc
667 1034 868 1086 modum;
897 1034 1002 1076 XIX
1026 1035 1067 1086 8,
1097 1035 1124 1077 8
1152 1036 1206 1077 ad
1231 1035 1416 1092 peniculi
1433 1035 1633 1086 modum;

45 1107 151 1149 XIX
178 1107 218 1160 9,
248 1106 273 1148 9
301 1106 345 1148 in
373 1106 550 1149 modum
578 1107 798 1162 stipitum3
829 1105 978 1148 XXIII
996 1105 1036 1156 4,
1060 1107 1078 1148 1
1110 1106 1154 1148 in
1171 1105 1348 1148 modum
1366 1106 1538 1162 regulae
1556 1111 1634 1148 cet.

102 1177 404 1234 Componenda
447 1177 643 1232 denique¹
662 1181 763 1219 sunt
794 1176 879 1218 XX
910 1176 951 1228 4,
992 1176 1046 1219 18
1078 1182 1222 1219 trusus
1254 1178 1309 1218 ad
1340 1179 1635 1219 necessitatem

43 1253 278 1292 extremam
319 1253 361 1291 et
393 1247 537 1290 XXVI
572 1247 640 1299 IO,
676 1247 701 1289 3
736 1251 877 1303 (quos)
910 1247 1145 1304 desperatio
1179 1247 1376 1290 trudebat
1409 1248 1453 1289 in
1484 1247 1634 1291 scelus.

104 1379 232 1422 XXII
265 1379 305 1431 9,
343 1378 397 1421 12
443 1378 524 1422 Sed
562 1381 612 1421 ut
654 1378 756 1421 haec
797 1378 1007 1422 laudanda
1051 1383 1093 1422 et
1134 1380 1255 1422 bonis
1297 1379 1633 1422 moderatoribus

44 1450 310 1501 aemulanda,
351 1451 413 1492 ita
457 1448 565 1491 illud
607 1462 802 1492 amarum
834 1454 876 1492 et
907 1450 1092 1492 notabile
1124 1450 1220 1501 fuit,
1255 1450 1366 1505 quod
1397 1464 1522 1506 aegre
1553 1450 1631 1492 sub

40 1535 89 1564 eo
121 1535 145 1564 a
176 1520 407 1564 curialibus
448 1521 675 1576 quisquam
716 1519 943 1576 adpetitus,
986 1520 1086 1563 licet
1126 1520 1368 1577 priuilegiis
1405 1523 1447 1562 et
1479 1522 1634 1576 stipen-

43 1592 210 1635 diorum
250 1605 427 1634 numero
471 1595 514 1633 et
545 1592 722 1647 originis
753 1593 923 1646 penitus
956 1591 1116 1634 alienae
1150 1591 1413 1634 firmitudine
1445 1605 1636 1633 commu-

42 1664 159 1705 nitus
180 1662 210 1715 ¹)
237 1662 453 1705 obtinebat
469 1663 778 1717 aequissimum
796 1661 899 1704 adeo
916 1665 966 1704 ut
982 1661 1174 1718 plerique
1192 1663 1331 1704 territi
1347 1667 1634 1703 emercarentur

41 1733 258 1777 molestias
272 1732 422 1787 pretiis
449 1731 722 1774 clandestinis
750 1733 820 1791 <et
835 1732 1067 1792 inmensis).
1091 1732 1320 1775 Itineribus
1336 1734 1480 1788 itaque
1497 1746 1531 1774 e.
1546 1746 1584 1788 q.
1599 1747 1631 1775 s.

101 1804 162 1847 Ut
192 1803 414 1860 suppleam
446 1804 492 1845 in
525 1816 713 1859 congruo
746 1802 832 1845 fere
865 1805 1002 1859 spatio
1036 1808 1073 1845 et
1104 1803 1304 1855 inmensis,
1337 1803 1486 1846 suadet
1514 1802 1632 1846 locus

40 1889 124 1918 non
151 1874 373 1918 dissimilis
400 1873 495 1927 (XV
516 1873 557 1924 2,
578 1873 643 1926 9):
670 1873 741 1916 sed
768 1874 981 1917 accidebat
1002 1888 1086 1917 non
1109 1888 1358 1930 numquam,
1376 1881 1426 1916 ut
1442 1873 1633 1930 opulenti

41 1946 258 2003 pulsantes
298 1944 507 2002 praesidia
550 1945 766 2000 potiorum
808 1944 1027 2001 isdemque
1071 1949 1291 2001 tamquam
1334 1945 1479 1988 ederae
1512 1944 1632 1987 celsis

42 2017 261 2060 arboribus
302 2015 575 2059 adhaerentes
617 2014 926 2058 absolutionem
959 2016 1110 2070 pretiis
1146 2021 1414 2058 mercarentur
1443 2015 1631 2057 inmensis

40 2102 76 2132 e.
126 2102 185 2130 .s.

95 2102 303 2202 {Ieterum
344 2157 684 2213 frequentissime
725 2157 978 2200 Ammianus
1018 2158 1096 2200 hoc
1139 2157 1399 2200 adiectivum
1441 2157 1626 2208 adhibet,

44 2229 167 2273 velut
197 2228 276 2271 XV
312 2229 350 2280 1,
381 2228 431 2280 4;
465 2226 631 2270 XXVII
663 2227 732 2279 11,
763 2227 813 2279 3;
848 2228 998 2271 XXXI
1032 2228 1072 2280 5,
1103 2227 1181 2280 133
1215 2228 1365 2270 XXXI
1392 2227 1460 2278 16,
1492 2228 1516 2272 ’7
1551 2232 1630 2270 cet.

106 2349 235 2393 XXII
278 2348 348 2400 16,
395 2348 449 2391 14
496 2363 679 2390 amoenus
725 2349 922 2405 inpendio
969 2349 1090 2392 locus
1139 2353 1180 2392 et
1225 2349 1459 2392 diuersoriis
1507 2348 1630 2391 laetis

46 2425 279 2465 extructus.

102 2491 171 2534 Sic
214 2489 465 2533 describitur
506 2487 716 2545 Canopus.
761 2488 821 2533 At
864 2491 1034 2533 Amoris
1077 2490 1227 2533 domus
1268 2495 1444 2534 vocatur
1485 2489 1629 2547 (Apul.

43 2561 148 2605 Met.
182 2560 231 2613 V,
266 2561 332 2614 1):
365 2558 632 2603 luculentum
664 2565 706 2603 et
739 2577 937 2604 amoenum
955 2593 1113 2604 ......
1147 2562 1422 2604 diuersorz'um.

106 2692 232 2736 XXII
264 2692 334 2743 16,
366 2693 420 2736 18
446 2708 521 2750 pro
549 2696 666 2737 omni
693 2697 835 2736 tamen
864 2693 1153 2749 experimento
1179 2692 1359 2734 sufficiat
1386 2691 1549 2735 medico
1576 2692 1628 2735 ad

41 2763 418 2807 commendandam
461 2766 564 2807 artis
605 2765 918 2818 auctoritatem,
953 2762 1231 2813 Alexandriae
1266 2763 1364 2822 (εκ)
1398 2776 1442 2805 se
1475 2762 1629 2805 dixerit

44 2834 274 2877 eruditum.

89 2963 125 3005 1)
149 2961 390 3005 Petschenigius
412 2966 486 3006 post
508 2961 714 2995 communitus
739 2961 876 3005 requirit
899 2961 949 2994 ius
974 2960 1073 3003 (Phil.
1098 2960 1161 2994 vol.
1188 2960 1229 2993 50
1251 2971 1326 3003 pag.
1351 2961 1441 3003 565).
