1886 3388
995 228 1051 270 36

235 351 336 393 haec
379 349 572 406 exempla
612 349 673 392 De
715 349 859 392 Benef.
893 348 970 392 VII
1003 348 1075 400 22,
1098 350 1119 392 l
1164 349 1303 392 malus
1335 363 1387 393 an
1423 351 1557 393 bonus
1590 351 1659 401 sit,
1694 349 1745 392 ad
1776 354 1818 394 te

234 437 311 464 non
337 421 517 476 pertinet
529 434 539 471 ;
573 419 698 463 redde
729 424 772 463 et
803 433 973 469 accusa;
1007 419 1160 463 Natur.
1194 420 1364 473 Quaest.
1398 420 1418 463 I
1452 420 1492 472 5,
1513 421 1535 463 1
1570 435 1682 463 nuno
1713 421 1822 463 nihil

235 494 290 534 ad
328 507 407 533 rem
441 491 630 545 pertinet,
671 491 879 547 quomodo
910 490 1132 534 videamus
1165 491 1463 547 quodcumque
1494 491 1713 536 videmus:
1747 491 1819 534 sed

234 578 269 607 e.
298 578 336 619 q.
363 577 395 605 s.

295 705 358 748 De
402 704 610 749 Clement.
646 704 665 746 I
700 704 768 755 19,
789 703 815 747 3
857 704 1206 747 iracundissimae
1249 718 1295 748 ac
1339 719 1414 761 pro
1461 706 1647 762 corporis
1693 710 1821 763 captu

234 778 573 834 pugnacissimae
617 780 718 818 suni
759 789 858 832 apes
899 779 941 818 et
975 775 1141 818 aculeos
1172 777 1215 818 in
1248 775 1421 819 volnere
1451 776 1713 833 relinquunt,
1746 791 1821 820 rex

232 851 321 905 ipse
364 849 452 890 sine
495 846 638 890 aculeo
676 851 763 899 θεῖς
796 845 936 890 noluit
966 845 1095 889 illum
1127 850 1278 890 natura
1309 862 1385 890 nec
1416 861 1592 891 saevum
1625 862 1714 891 esee
1745 863 1822 892 nec

233 918 443 962 ultionem
483 932 640 975 magno
673 922 966 961 constaturam
998 922 1140 974 petere
1171 917 1391 975 telumque
1424 918 1607 961 detraxit
1638 924 1682 962 et
1712 921 1822 963 iram

233 993 325 1034 eius
364 992 573 1033 inermem
612 988 801 1045 reliquit.
842 988 1073 1045 Exemplar
1114 989 1192 1032 hoc
1237 991 1406 1046 magnis
1439 990 1614 1046 regibus
1645 992 1818 1046 ingens;

232 1066 297 1104 est
339 1062 453 1104 enim
492 1060 560 1103 illi
601 1074 692 1103 mos
734 1073 927 1102 exercere
969 1074 1011 1103 se
1052 1061 1098 1102 in
1138 1062 1282 1116 parvis
1321 1064 1363 1103 et
1397 1062 1641 1118 ingentium
1673 1076 1818 1105 rerum

233 1132 487 1176 documenta
516 1133 698 1174 minima
728 1146 876 1185 arqere.

293 1203 375 1246 Pro
416 1218 564 1256 amere,
609 1203 721 1259 quod
753 1205 975 1245 exaratum
1007 1206 1071 1245 est
1102 1204 1143 1245 in
1177 1201 1267 1246 cod.
1301 1202 1349 1255 O,
1383 1217 1520 1246 nonne
1552 1203 1820 1247 scribendum

231 1277 313 1318 erit
336 1272 517 1330 parare?
