1886 3388
771 241 825 285 13

11 363 53 416 2,
87 363 155 421 9):
193 362 238 406 id
278 363 559 406 conmeruisse
590 377 725 405 seaeuo
745 361 779 415 ¹)
810 362 1022 406 iudicatus
1052 363 1240 414 arbitrie,
1273 361 1384 418 quod
1416 362 1597 406 evaserit

11 433 138 548 5013·
171 508 412 548 extremum
444 503 571 548 liceat
603 504 738 547 afferri
771 504 855 548 duo
888 504 1082 561 exempla
1114 503 1349 560 Apuleiana
1381 503 1503 556 (Met.
1537 503 1596 545 IV

13 574 66 617 19
100 574 244 617 Helm.
277 574 349 626 88,
385 574 480 627 27):
514 577 695 618 occurrit
725 591 888 617 scaeuus
916 579 1093 619 eventus
1122 578 1163 617 et
1191 574 1390 631 (Apolog.
1419 588 1508 631 cap.
1539 572 1594 616 92

9 645 152 689 Helm.
190 645 289 697 102,
323 645 421 700 26):
454 646 590 688 scaeui
623 648 778 689 ominis
810 645 979 690 mulier.

68 787 209 830 XXIV
243 787 282 839 1,
317 786 341 831 ’7
375 787 446 831 sed
477 791 702 844 postquam
727 787 902 830 aduenit
928 787 1004 830 lux
1031 790 1158 838 certa,
1187 789 1393 843 aquatum
1421 784 1595 842 quidam

7 873 202 916 egressus
243 860 349 901 uisis
391 860 530 901 subito
566 858 759 901 hostibus
791 858 991 901 ululabili
1024 858 1206 901 clamore
1238 857 1405 900 sublato
1438 858 1596 899 excitos

7 929 288 973 tumultuosis
327 930 503 972 uocibus
546 932 882 985 propugnatores
923 930 1121 972 armauit.
1165 932 1207 971 et
1245 942 1344 971 mox
1379 927 1466 986 <α>
1501 942 1596 985 spe-

8 999 103 1044 cula
135 999 316 1057 quadam
348 998 554 1043 altissima
588 999 807 1056 explorato
841 1001 927 1042 situ
958 1003 1206 1050 castrorum,
1240 1013 1369 1055 quam
1403 999 1596 1042 ocissime

10 1085 46 1115 e.
65 1085 104 1127 q.
123 1085 155 1114 s.

68 1140 375 1185 Praetulerim:
422 1140 531 1201 (de)
551 1141 585 1194 2)
627 1139 798 1197 specula
840 1140 1037 1197 quadam,
1078 1142 1187 1184 sicut
1220 1140 1544 1198 Petschenigius
1564 1141 1597 1194 ³)

7 1213 186 1269 requirit
215 1212 334 1265 (XVI
369 1212 437 1263 12,
472 1211 571 1265 59):
605 1227 711 1269 equo
744 1215 807 1255 est
842 1210 1136 1271 <d>evolutus
1168 1227 1202 1256 e.
1223 1227 1260 1269 q.
1281 1227 1313 1256 S.

68 1354 211 1397 XXIV
243 1354 284 1406 4,
319 1354 376 1397 24
407 1357 632 1412 praecipuo
665 1355 806 1398 studio
839 1356 1057 1410 quaesitus
1089 1357 1266 1412 reperiri
1298 1370 1379 1398 non
1412 1357 1566 1412 potuit.

68 1425 187 1468 Idem
228 1426 312 1468 fere
348 1432 543 1469 narratur
573 1427 683 1468 infra
715 1424 854 1479 (XXV
891 1424 930 1475 9,
967 1425 1062 1481 13):
1096 1440 1171 1468 nec
1202 1427 1386 1468 inueniri
1416 1440 1598 1482 usquam

7 1497 150 1553 potuit
182 1496 322 1540 studio
349 1499 566 1553 quaesitus
592 1497 771 1553 ingenti.
798 1495 1026 1538 Manifesto
1055 1498 1308 1539 Ammianus
1335 1502 1431 1539 ante
1455 1497 1598 1540 oculos

7 1567 162 1610 habuit
193 1567 288 1612 Liv.
322 1567 448 1611 XXII
482 1567 522 1620 7,
557 1568 582 1610 5
628 1567 813 1610 Flamini
861 1581 1028 1623 quoque
1076 1582 1225 1624 corpus
1273 1568 1432 1611 funeris
1475 1582 1600 1611 causa

10 1651 168 1694 magna
200 1652 298 1681 cum
331 1653 430 1682 cura
459 1640 716 1695 inquisitum
749 1653 831 1681 non
862 1639 1041 1681 invenit.

71 1779 213 1822 XXIV
249 1780 286 1831 6,
323 1780 378 1823 14
402 1781 591 1838 fubmina
625 1779 701 1822 illa
733 1779 936 1821 bellorum.

68 1850 134 1892 Ad
175 1851 342 1895 Lucret.
386 1851 449 1894 III
493 1851 608 1894 1034
653 1849 867 1906 Scipiadas
898 1850 994 1891 belli
1022 1851 1178 1904 fubmen
1210 1850 1371 1893 Heinze
1403 1850 1598 1894 adnotat:

9 1921 142 1973 „Man
184 1921 319 1964 denke
359 1923 467 1965 auch
500 1937 551 1965 an
587 1921 785 1974 Κεραυνός
817 1919 879 1962 als
913 1920 1186 1966 Beinamen''.
1221 1921 1438 1963 Addamus
1471 1924 1599 1965 etiam

8 1991 268 2035 Hamilcaris
300 2006 548 2050 cognomen,
582 1992 692 2049 quod
725 1994 788 2034 est
821 1991 990 2043 Bareas,
1023 1992 1262 2049 significare
1281 1992 1462 2048 fulmen.

70 2134 191 2177 XXV
226 2134 266 2185 5,
300 2134 327 2177 8
369 2135 447 2178 1100
488 2134 562 2178 ille
604 2136 762 2186 audito,
809 2137 919 2194 quod
956 2149 1123 2191 semper
1153 2134 1329 2191 trepidis
1360 2135 1473 2177 uotis
1507 2133 1601 2191 <ex-

2 2204 192 2262 petebat>
243 2209 286 2248 et
331 2208 501 2262 inopina
549 2209 829 2263 prosperitate
875 2207 1025 2258 elatus,
1069 2205 1348 2248 multitudine
1390 2219 1441 2247 ex
1481 2207 1599 2261 regio

10 2277 204 2331 equitatu
245 2276 443 2320 adiuncta
473 2278 552 2329 his,
588 2279 661 2334 qui
694 2277 950 2321 dimicauere
982 2277 1202 2320 nobiscum
1236 2275 1359 2319 celeri
1391 2275 1601 2331 disposuit

9 2348 147 2405 gradu
179 2351 364 2405 agminis
397 2352 531 2393 nostri
562 2350 708 2393 inuadi
739 2355 861 2408 terga
893 2350 1109 2407 postremi.

72 2419 216 2476 Magis
263 2434 315 2462 ex
361 2421 611 2463 Ammianeo
653 2435 735 2463 usu
777 2422 1028 2464 inserueris:
1072 2418 1183 2475 quod
1221 2432 1387 2474 semper
1425 2416 1602 2474 trepidis

12 2492 124 2533 uotis
158 2487 357 2546 (orabat)
393 2505 427 2534 e.
447 2506 485 2547 q.
504 2505 553 2542 s.‚
587 2491 640 2534 cf.
673 2491 814 2543 (XXX
848 2492 887 2546 5,
919 2490 963 2543 1)
990 2489 1249 2547 pedibusque
1276 2491 1366 2531 eius
1393 2492 1602 2545 prostrata

13 2562 152 2604 orabat
183 2560 354 2617 pacifica
386 2576 509 2618 prece
543 2566 623 2605 cet.

73 2633 165 2688 Ipse
214 2630 510 2675 Gardthausen
557 2631 735 2676 Gelenio
783 2635 952 2675 auctore
1001 2630 1133 2674 edidit
1179 2629 1383 2683 (XXVIII
1427 2630 1465 2683 1,
1503 2629 1599 2681 51):

17 2699 212 2759 <ov-anit>
245 2704 435 2759 impense
466 2708 516 2746 ut
548 2704 848 2747 rescriberetur
880 2717 978 2745 eum
1011 2701 1143 2745 occidi
1177 2716 1212 2745 e.
1231 2716 1270 2757 q.
1289 2715 1322 2744 s.

66 2887 96 2928 1)
119 2887 226 2919 Codex
250 2886 380 2919 exhibet
405 2896 524 2919 scaeso.

63 2942 100 2984 2)
124 2942 270 2974 Lerstedt
292 2941 340 2974 1.l.
363 2952 436 2983 pag.
462 2942 504 2973 94
527 2941 712 2985 proposuit:
744 2948 824 2977 <e>
855 2937 999 2982 specula.

59 2997 92 3037 3)
114 2997 201 3029 Phil.
222 2996 285 3028 vol.
309 2996 350 3027 50
374 3007 449 3039 pag.
481 2997 557 3030 343.
