1886 3388
979 265 1037 309 26

218 382 343 425 batur
386 383 512 426 modo
554 384 665 427 Dial.
703 385 759 428 IV
792 386 859 438 (de
891 388 954 428 ira
985 385 1059 428 lib.
1092 384 1138 438 2)
1172 384 1242 437 35,
1278 386 1305 428 4
1336 385 1506 442 qualem
1538 386 1647 429 intus
1679 387 1804 442 putas

218 467 306 496 esse
338 455 524 506 animum,
557 457 679 498 cuius
711 461 830 499 extra
860 458 1006 512 imago
1038 460 1128 498 tam
1160 455 1281 498 foeda
1312 455 1403 499 est?

276 594 353 650 Ep.
390 594 458 647 ¹78,
496 596 551 638 18
582 598 665 639 ista
696 599 787 640 vita
819 612 901 640 non
935 611 1050 640 mors
1083 595 1174 639 est?

275 665 393 708 Idem
433 667 520 710 fere
563 668 768 711 habemus
812 667 900 713 Cic.
945 669 995 712 de
1035 682 1122 725 rep.
1154 668 1211 711 VI
1243 669 1267 723 ξ
1301 668 1356 710 14
1390 673 1532 712 vestra
1564 683 1664 712 vero
1697 682 1804 725 quae

214 736 371 779 dicitur
402 739 492 780 vita
525 753 640 782 mors
671 744 748 782 est.

273 868 352 924 Ep.
379 868 449 919 83,
480 869 536 911 26
569 870 655 913 fere
682 871 964 914 vinolentiam
993 870 1222 914 crudelitas
1250 871 1457 927 sequitur.
1485 871 1666 913 vitiatur
1692 871 1807 913 enim

213 944 570 996 exa-speraturque
603 943 762 984 sanitas
792 944 961 994 mentis,
996 942 1358 998 quemadmodum
1386 943 1507 983 duros
1532 940 1808 997 difficilesque

212 1010 373 1052 faciunt
417 1011 574 1053 diutini
616 1013 755 1055 morbi
798 1017 840 1056 et
883 1013 935 1056 ad
968 1015 1195 1056 minimam
1227 1012 1396 1056 rabidos
1428 1012 1712 1063 offensionem,
1745 1013 1808 1054 ita

213 1080 437 1124 ebrietates
471 1084 695 1125 continuae
727 1083 901 1126 efferant
933 1086 1112 1127 animos.

272 1151 630 1208 Supplementum
663 1168 810 1196 meum
842 1156 962 1196 duros
987 1169 1069 1198 non
1097 1154 1237 1197 solum
1263 1153 1565 1197 allitteratione
1592 1166 1808 1196 commen-

213 1222 350 1272 datur,
395 1238 545 1266 verum
590 1226 720 1267 etiam
762 1226 828 1267 1116
872 1225 1079 1282 exemplis
1112 1225 1190 1282 Ep.
1226 1224 1299 1280 90,
1336 1224 1389 1267 15
1422 1228 1645 1275 monstrat,
1678 1238 1807 1280 quam

212 1293 320 1335 nihil
361 1295 481 1337 nobis
523 1300 676 1338 natura
719 1297 862 1337 durum
904 1311 950 1339 ac
992 1296 1155 1351 difficile
1196 1296 1495 1352 imperaverit;
1542 1293 1653 1338 Dial.
1687 1294 1707 1336 I
1738 1293 1807 1348 (dc

211 1369 349 1421 prov.)
382 1365 424 1416 2,
458 1366 485 1408 4
518 1371 568 1408 ut
599 1368 701 1409 dura
733 1381 780 1409 ac
810 1367 996 1422 difficilia
1023 1381 1105 1410 non
1135 1366 1412 1409 reformident
1439 1369 1504 1409 cet
1520 1365 1566 1418 ¹).
1599 1364 1664 1409 Cf.
1693 1378 1808 1421 prae-

212 1440 327 1478 terea
358 1436 435 1493 Ep.
473 1436 573 1487 118,
608 1437 635 1479 2
678 1452 806 1494 quam
839 1439 965 1480 durus
998 1440 1054 1480 sit
1085 1438 1322 1481 faenerator
1353 1436 1563 1482 Caecilius
1575 1449 1585 1487 3
1620 1435 1732 1479 Dial.
1765 1435 1807 1479 II

211 1506 281 1558 (de
312 1512 444 1549 const.
478 1513 584 1564 sap.)
622 1508 688 1559 14,
718 1509 744 1551 2
774 1510 896 1561 fores,
925 1523 1029 1566 quas
1053 1511 1178 1551 durus
1204 1511 1364 1552 ianitor
1391 1508 1581 1565 opsidet3
1607 1506 1719 1550 Dial.
1748 1506 1806 1550 IV

210 1577 278 1629 (de
310 1578 373 1620 ira
403 1577 477 1621 lib.
511 1578 556 1634 2)
595 1579 663 1631 17,
693 1579 720 1622 2
755 1579 1078 1633 (misericordis)
1121 1581 1252 1623 nimis
1283 1578 1426 1623 mollis
1458 1580 1641 1630 animus,
1674 1578 1805 1621 huius

211 1652 284 1701 (sc.
319 1649 517 1705 crudelis)
548 1652 678 1693 nimis
710 1652 837 1693 durus
869 1655 945 1694 est.

270 1780 349 1837 Ep.
383 1780 454 1833 89,
486 1782 507 1823 1
538 1782 673 1825 dividi
702 1782 1019 1840 philosophiam
1047 1787 1119 1835 (sc.
1150 1782 1379 1836 desideras)
1406 1786 1448 1825 et
1473 1783 1627 1839 ingens
1653 1795 1805 1838 corpus

214 1853 304 1894 eius
337 1853 380 1894 in
412 1853 579 1895 membra
610 1854 790 1910 disponi.

274 1921 591 1980 Componamus
634 1925 763 1980 Apul.
807 1925 857 1968 de
900 1925 1009 1968 Plat.
1043 1925 1063 1968 I
1102 1925 1127 1968 3
1173 1925 1341 1979 (Thom.
1385 1939 1484 1982 pag.
1518 1924 1590 1976 85,
1626 1923 1671 1977 4)
1703 1937 1803 1967 nam

211 1995 408 2048 quamvis
451 1994 501 2038 de
539 1995 718 2038 diversis
750 1997 925 2039 officinis
957 1997 1058 2039 haec
1092 1999 1130 2040 ei
1163 2001 1303 2039 essent
1327 1995 1607 2051 philosophiae
1637 1995 1804 2037 membra

211 2069 405 2121 suscepta
437 2080 470 2108 6.
488 2081 527 2122 q.
547 2082 577 2109 6.
611 2072 652 2110 et
679 2069 822 2110 Amm.
851 2069 985 2111 Marc.
1014 2068 1116 2111 XVI
1146 2069 1187 2119 5,
1218 2068 1242 2110 6
1272 2083 1345 2125 per
1367 2069 1511 2111 omnia
1520 2066 1804 2122 philosophiae

209 2136 374 2177 membra
406 2137 637 2192 prudenter
669 2139 921 2194 disputando
954 2139 1162 2182 currebat.
1195 2137 1259 2183 Of.
1294 2152 1401 2195 quae
1431 2138 1649 2196 disputavi
1675 2150 1804 2194 supra

212 2206 264 2248 ad
295 2208 512 2250 Ammian.
547 2208 681 2252 Marc.
717 2209 816 2252 XVI
849 2210 889 2261 5,
924 2210 964 2252 5.

273 2337 351 2394 Ep.
382 2338 452 2390 91,
480 2339 535 2382 12
565 2339 626 2382 De
651 2340 731 2383 hoc
756 2340 847 2384 loco
875 2342 945 2398 egi
970 2355 1097 2397 supra
1124 2339 1177 2383 ad
1195 2340 1338 2383 Amm.
1357 2339 1491 2383 Marc.
1511 2339 1652 2383 XVIII
1672 2339 1741 2391 10,
1761 2340 1802 2385 1.

272 2469 350 2525 ΕΡ.
387 2470 455 2522 95,
492 2470 518 2512 2
561 2473 761 2514 recitator
803 2473 1029 2515 historiam
1069 2473 1292 2529 ingentem
1333 2470 1481 2514 attulit
1511 2472 1803 2536 minutissime

212 2542 429 2596 scriptam,
463 2543 676 2584 artissime
709 2542 887 2598 plictam
919 2548 960 2586 et
992 2557 1150 2600 magna
1180 2547 1298 2599 parte
1325 2542 1509 2599 perlecta
1537 2542 1801 2595 „desinam”,

210 2612 364 2666 inquit,
400 2613 463 2661 „si
498 2611 676 2655 vultis'’.
710 2608 975 2655 adclamatur
1009 2614 1182 2664 ,‚recita‚
1210 2612 1369 2656 recita’'
1399 2613 1450 2655 ab
1477 2614 1544 2664 iis,
1572 2615 1647 2670 qui
1671 2613 1800 2658 illum

213 2686 521 2725 ommutescere
552 2683 644 2724 illie
674 2685 866 2740 cupiunt.

273 2752 448 2795 Erasmo
488 2753 578 2794 illic
621 2759 870 2810 corruptum
902 2754 1128 2798 videbatur
1161 2769 1211 2797 ex
1245 2755 1369 2806 illico,
1415 2758 1458 2798 at
1490 2754 1629 2799 editor
1660 2759 1801 2799 noster

212 2825 393 2878 requirit
426 2824 532 2876 olim,
567 2825 765 2880 equidem
798 2825 986 2868 desidero
1018 2825 1185 2868 seilicet.

260 2966 294 3006 1)
329 2965 434 2997 Possis
467 2967 576 2997 afferre
608 2966 706 2997 etiam
741 2966 829 2998 Dial.
854 2967 881 2997 V
913 2967 964 3007 (de
996 2967 1043 2999 ira
1075 2967 1133 2998 lib.
1167 2967 1199 3007 3)
1225 2967 1277 3004 37,
1301 2967 1320 2998 3
1341 2967 1430 2999 beati
1454 2967 1594 3000 hominis
1618 2968 1739 3001 iudicat
1762 2979 1799 3000 ac

213 3020 354 3062 potentis
380 3020 533 3052 indicium
556 3020 714 3062 drfficilem
740 3021 889 3060 ianuam3
914 3022 1015 3055 nescit
1037 3022 1239 3054 durissimum
1263 3033 1330 3054 esse
1354 3022 1473 3055 ostium
1496 3023 1641 3056 carceris.
