1886 3388
778 267 836 312 23

19 396 84 436 est
125 396 197 445 (sc.
239 393 396 444 virtus)
438 394 481 434 et
520 392 566 433 in
606 394 788 447 angusto
828 391 1146 446 circumsaepta‚
1189 391 1279 433 sive
1311 393 1520 446 adaperta,
1552 392 1597 434 in

16 477 288 520 quocumque
328 462 478 505 habitu
519 466 595 514 est,
639 460 826 518 proficit;
869 460 931 504 De
963 460 1106 503 Benef.
1140 459 1203 503 III
1236 460 1376 514 37,2;
1412 461 1474 505 De
1506 460 1598 505 Ole-

17 538 149 577 ment.
179 533 199 576 I
234 532 302 585 13,
323 532 348 575 3
382 538 460 576 cet.

74 654 153 711 Ep.
186 653 258 706 24,
294 654 350 697 26
384 653 588 710 quosdam
619 654 735 696 subit
766 653 912 695 eadem
938 652 1119 695 faciendi
1145 652 1401 709 videndique
1427 655 1599 696 satietas

16 729 60 768 et
94 727 206 768 vitae
238 740 323 768 non
355 725 501 768 odium
534 725 606 767 sed
637 724 871 776 fastidium,
904 725 948 766 in
980 724 1091 780 quod
1123 723 1387 780 prolabimur
1416 726 1507 780 ipsa
1537 726 1600 767 in-

15 795 199 853 pellente
239 796 519 853 philosophia,
558 795 661 837 dum
706 794 911 837 dicimus:
958 809 1206 851 „quousque
1239 793 1416 837 eadem?
1448 809 1600 851 nempe

13 869 293 924 expergiscar,
326 867 548 917 dormiam,
582 866 768 908 esuriam
802 863 1015 921 (sitiam),
1048 863 1198 921 algebo
1229 866 1441 910 aestuabo.

74 937 381 994 Supplemento
421 951 517 979 meo
559 936 705 979 favent
745 935 824 991 Ep.
858 935 899 990 4,
936 935 991 977 10
1032 934 1102 977 lex
1133 939 1279 978 autem
1311 935 1388 978 illa
1419 939 1597 978 naturae

15 1010 95 1051 scis
137 1023 241 1065 quos
282 1009 403 1051 nobis
445 1009 650 1051 terminos
691 1004 881 1049 statuat?
925 1020 1010 1048 non
1047 1006 1211 1057 esurire,
1244 1020 1327 1049 non
1357 1006 1484 1058 sitire,
1518 1021 1600 1050 non

14 1080 169 1132 alqere;
213 1078 290 1135 Ep.
328 1077 426 1128 113,
460 1078 514 1120 21
560 1091 685 1120 omne
729 1075 888 1119 animal
929 1079 1126 1118 terrestre
1158 1076 1288 1132 alget,
1322 1078 1458 1131 esurit,
1490 1077 1599 1120 sitit:

14 1163 117 1206 ergo
156 1151 324 1192 iustitia
359 1149 480 1203 αἰρει,
512 1147 718 1191 fortitudo
751 1147 888 1198 esurit,
923 1146 1149 1190 clementia
1180 1147 1270 1189 sitit
1280 1161 1291 1199 ς
1325 1147 1404 1204 Ep.
1441 1147 1539 1199 119,
1575 1147 1600 1191 7

13 1224 57 1263 at
98 1234 251 1277 parum
293 1219 432 1270 habet,
477 1221 551 1275 qui
593 1223 763 1261 tantum
806 1232 890 1260 non
922 1217 1053 1274 alget,
1087 1232 1171 1260 non
1203 1218 1340 1270 esurit,
1374 1233 1456 1261 non
1487 1219 1599 1270 sitit3

14 1290 128 1334 Dial.
169 1291 204 1334 V
247 1291 316 1343 (de
351 1292 415 1333 ira
454 1289 530 1334 lib.
576 1289 620 1343 3>
663 1290 703 1342 9,
743 1289 768 1331 5
811 1293 938 1333 vetus
971 1288 1136 1331 dictum
1167 1292 1232 1331 est
1264 1303 1288 1331 a
1319 1288 1430 1332 lasso
1462 1291 1602 1333 rixam

16 1363 183 1418 quaeri3
228 1375 358 1418 aeque
398 1366 543 1404 autem
585 1364 628 1403 et
669 1360 721 1403 ab
762 1360 957 1402 esuriente
999 1363 1042 1402 et
1073 1373 1097 1402 a
1126 1359 1287 1402 eitiente
1329 1364 1371 1403 et
1403 1360 1454 1403 ab
1486 1363 1603 1404 omni

16 1434 201 1485 homine,
234 1447 362 1489 quem
394 1431 536 1489 aliqua
566 1446 632 1475 res
664 1432 765 1474 urit.

73 1554 152 1611 Ep.
186 1553 259 1606 27,
306 1554 334 1596 8
365 1554 473 1597 bona
505 1567 627 1596 mens
658 1567 733 1595 nec
764 1551 1062 1595 commodatur
1092 1565 1168 1595 nec
1201 1552 1372 1604 emitur,
1406 1555 1448 1595 et
1481 1556 1599 1609 puto,

15 1627 51 1668 si
82 1625 232 1668 venalis
264 1630 376 1676 esset,
408 1639 491 1667 non
523 1625 699 1667 haberet
729 1628 948 1678 emptorem.

76 1695 253 1753 Oportet
293 1697 488 1752 componi
529 1695 630 1739 Sall.
673 1694 781 1738 Bell.
824 1695 919 1751 Ing.
964 1693 1034 1745 35,
1071 1693 1127 1736 10
1169 1694 1319 1737 urbem
1351 1694 1526 1737 venalem
1558 1697 1602 1738 et

13 1771 181 1810 mature
212 1768 460 1824 perituram,
493 1768 530 1810 si
562 1771 768 1820 emptorem
799 1766 1024 1809 invenerit.

74 1887 153 1945 Ep.
188 1887 257 1939 33,
292 1888 318 1930 4
350 1902 619 1944 quocumque
650 1889 817 1930 miseris
849 1886 1035 1938 oculum,
1067 1885 1111 1929 id
1143 1886 1223 1929 tibi
1254 1889 1457 1937 occurret,
1489 1884 1600 1941 quod

15 1961 200 2003 eminere
225 1963 380 2015 posset,
405 1960 489 2001 nisi
513 1961 626 2001 inter
651 1960 770 2015 paria
796 1958 1024 2014 legeretur.
1053 1958 1077 2013 ἓ
1104 1957 1128 1999 5
1148 1971 1277 2013 quare
1293 1958 1453 2014 depone
1470 1958 1599 1998 istam

14 2044 147 2086 spem,
174 2044 296 2084 posse
317 2034 359 2072 te
377 2031 628 2072 summatim
646 2029 872 2086 degustare
889 2030 1060 2085 ingenia
1076 2029 1365 2071 maximorum
1381 2028 1598 2071 virorum:

14 2105 104 2144 tota
134 2102 216 2144 tibi
240 2101 502 2156 inspicienda
528 2104 641 2153 sunt,
670 2104 759 2143 tota
785 2099 1015 2142 tractanda.
1043 2114 1105 2141 res
1126 2099 1283 2152 qeritur
1306 2103 1348 2141 et
1373 2113 1447 2155 per
1475 2097 1601 2140 linea·

14 2176 160 2216 menta
184 2185 261 2215 sua
286 2173 450 2229 ingenii
478 2185 584 2228 opus
612 2173 808 2223 nectitur,
837 2185 888 2213 ex
914 2183 996 2227 quo
1021 2169 1129 2212 nihil
1156 2169 1334 2212 subduci
1360 2171 1450 2212 sine
1477 2169 1601 2211 ruina

17 2247 172 2301 potest.

76 2314 350 2370 Scripserim:
388 2328 463 2367 per
496 2317 637 2367 partes
679 2312 804 2367 iqitur
847 2315 889 2354 et
930 2326 1006 2368 per
1037 2311 1298 2354 lineamenta
1329 2324 1406 2353 sua
1436 2310 1602 2366 ingenii

19 2399 125 2441 opus
170 2386 356 2427 nectitur
402 2399 438 2427 e.
457 2399 495 2440 q.
514 2398 546 2426 s.
595 2384 729 2437 Iqitur
777 2396 1037 2438 quamquam
1078 2383 1160 2424 nisi
1202 2396 1296 2424 raro
1336 2382 1382 2423 in
1422 2380 1601 2423 Senecae

19 2455 214 2512 epistulis
246 2469 330 2498 non
362 2454 536 2512 legitur,
571 2455 753 2497 occurrit
786 2453 866 2510 Ep.
904 2452 1001 2503 104,
1032 2452 1090 2495 20
1117 2452 1266 2509 fugam
1294 2452 1373 2494 tibi
1399 2465 1483 2494 non
1509 2463 1602 2506 pro-

18 2526 135 2569 desse
171 2524 368 2569 miraris?
399 2531 542 2569 tecum
573 2530 686 2576 sunt,
719 2538 826 2580 quae
857 2524 985 2581 fugis.
1020 2528 1062 2566 te
1095 2523 1222 2576 iqitur
1253 2521 1442 2575 emenda,
1477 2534 1602 2564 onera

18 2597 98 2640 tibi
130 2596 301 2639 detrahe
334 2611 368 2639 e.
388 2610 427 2653 q.
446 2610 478 2640 s,
521 2595 584 2639 Cf.
618 2597 748 2638 etiam
778 2595 928 2638 Natur.
962 2594 1130 2647 Quaest.
1164 2593 1184 2636 I
1218 2593 1257 2644 6,
1277 2592 1303 2635 4
1334 2594 1379 2635 in
1412 2607 1494 2649 quo
1526 2595 1587 2645 (sc

17 2666 205 2724 speculo)
231 2681 312 2709 non
333 2682 410 2721 per
426 2671 568 2721 partes
591 2668 773 2709 struitur
789 2666 900 2722 quod
917 2669 1104 2722 apparet,
1124 2664 1197 2707 sed
1214 2666 1362 2707 statim
1379 2668 1520 2707 totum
1537 2662 1598 2704 fit.

78 2798 157 2854 Ep.
187 2797 257 2849 51,
289 2797 310 2839 l
340 2801 389 2840 tu
414 2799 510 2840 istic
536 2797 665 2840 habes
686 2798 881 2847 Aetnam,
909 2796 1058 2839 editum
1074 2795 1202 2838 illum
1220 2810 1266 2838 ac
1283 2793 1599 2837 nobilissimum

16 2868 184 2912 Siciliae
215 2872 420 2919 montem,
453 2882 580 2924 quem
613 2882 741 2924 quare
774 2867 928 2909 dixerit
958 2866 1143 2910 Messala
1170 2868 1359 2918 unicum,
1388 2867 1478 2908 sive
1504 2863 1599 2907 Val-

17 2941 131 2997 gius,
163 2937 276 2994 apud
307 2943 538 2994 utrumque
570 2940 685 2981 enim
714 2938 818 2994 legi,
852 2952 935 2980 non
967 2939 1143 2994 reperio.

82 3008 230 3052 Editor
261 3007 556 3052 Chatelanium
587 3008 672 3051 fere
698 3011 867 3052 secutus
893 3022 968 3064 pro
992 3012 1032 3050 et
1055 3007 1166 3062 illue,
1194 3020 1300 3064 quae
1325 3009 1389 3049 est
1414 3005 1597 3050 duorum
