1886 3388
1006 243 1065 287 24

245 361 437 404 codicum
481 363 704 418 scriptura,
750 364 910 419 recepit
951 364 1098 405 editum
1128 364 1242 406 illum
1275 381 1333 417 ac,
1366 365 1439 407 sed
1469 366 1612 408 minus
1643 364 1771 421 longe
1803 376 1827 406 a

244 432 400 475 tradita
441 434 646 475 memoria
687 433 866 485 recedes,
911 435 946 476 si
988 437 1246 491 reposueris:
1278 436 1406 479 habes
1439 438 1605 478 Aetnam
1637 435 1827 478 eme-elsam

241 519 289 545 ae
320 503 636 546 nobilissimum
670 503 839 547 Siciliae
871 509 1076 548 montem.
1112 506 1194 549 Pro
1220 521 1315 549 mea
1341 507 1636 550 emendatione
1661 509 1828 563 pugnat

240 576 456 631 imprimis
487 575 563 631 Ep.
601 575 670 626 79,
706 575 762 618 10
789 589 843 617 an
870 578 1000 617 Aetna
1026 581 1101 618 tua
1126 578 1259 632 possit
1285 577 1453 621 sublabi
1479 584 1522 621 et
1546 580 1592 621 in
1620 592 1663 620 se
1690 591 1826 628 ruere,

241 659 292 687 an
335 646 411 688 hoc
453 646 644 688 emcetsum
685 660 887 689 cacumen
930 650 972 689 et
1004 648 1279 702 conspicuum
1311 662 1347 690 e.
1366 662 1404 704 q.
1424 662 1456 690 s.
1489 648 1584 691 Hoc
1616 647 1824 691 adiectivo

240 717 483 772 saepissime
513 715 669 759 Seneca
698 718 743 758 in
774 715 985 773 Epistulis
1016 719 1169 769 utitur,
1203 717 1324 761 velut
1355 718 1426 770 52,
1457 718 1504 770 5;
1542 719 1612 770 66,
1641 718 1722 771 26;
1754 717 1825 770 66,

242 787 320 838 313
357 785 427 838 71,
464 786 541 838 18;
578 786 647 838 ¹74,
683 786 739 829 30
770 791 849 830 cet.
885 786 948 832 Cf.
984 790 1118 831 etiam
1150 788 1262 832 Dial.
1300 789 1341 832 II
1376 790 1416 840 1,
1451 789 1478 831 2
1511 794 1590 832 cet.

298 858 356 900 At
388 858 514 899 celsus
544 857 732 914 legimus
763 857 842 915 Ep.
880 858 980 910 111,
1016 859 1066 912 3;
1110 857 1369 917 Agamemn.
1406 859 1461 903 96
1495 861 1672 913 (feriunt
1704 861 1826 903 celsos

238 927 421 971 fulmina
454 927 602 985 colles)
634 933 713 972 cet.

297 1059 375 1116 Ep.
411 1059 481 1112 53,
519 1060 573 1103 10
619 1060 859 1104 Alexander
905 1062 1076 1105 cuidam
1119 1064 1287 1106 civitati
1325 1067 1492 1120 partem
1535 1077 1740 1120 agrorum
1782 1066 1826 1106 et

235 1130 465 1173 dimidium
507 1145 652 1174 rerum
693 1134 887 1175 omnium
930 1135 1200 1189 promittenti
1236 1134 1356 1189 „e0’',
1390 1135 1544 1190 inquit,
1580 1135 1825 1190 „proposito

234 1203 278 1244 in
309 1203 458 1245 Asiam
490 1204 602 1253 veni,
636 1207 686 1246 ut
717 1217 802 1246 non
834 1203 879 1246 id
912 1205 1160 1261 acciperem,
1193 1204 1305 1260 quod
1335 1204 1572 1256 dedissetis,
1605 1204 1678 1247 sed
1704 1209 1755 1247 ut
1780 1205 1825 1248 id

233 1273 459 1326 haberetis,
500 1274 612 1331 quod
655 1273 967 1331 reliquissem’'.
1011 1275 1126 1318 idem
1162 1275 1432 1333 philosophia
1463 1276 1578 1318 rebus
1610 1276 1822 1327 omnibus,

237 1359 347 1395 „non
384 1359 480 1387 sum
514 1345 593 1388 hoc
624 1349 796 1402 tempus
828 1351 1064 1402 acceptura,
1092 1346 1204 1402 quod
1231 1347 1354 1390 vobis
1381 1347 1652 1403 superfuerit,
1681 1346 1752 1389 sed
1779 1345 1824 1389 id

231 1415 352 1459 vobis
382 1416 607 1468 habebitis,
639 1416 751 1473 quod
781 1418 873 1474 ipsa
903 1417 1128 1460 reiecero’'.

293 1486 626 1530 Restituendum
667 1488 862 1531 videtur:
906 1488 1021 1531 idem
1054 1488 1325 1545 philosophia
1359 1489 1450 1547 <ait
1479 1486 1824 1545 adsectato>ribus

232 1558 431 1600 omnibus
464 1573 575 1610 „non
606 1573 705 1602 sum
736 1573 770 1602 e.
791 1573 829 1615 q.
849 1574 881 1602 s.
916 1557 1198 1603 Commendat
1224 1564 1336 1603 certe
1362 1559 1442 1616 Ep.
1474 1559 1543 1612 65,
1575 1559 1630 1602 18
1658 1561 1824 1616 sapiens

232 1629 529 1686 adsectatorque
550 1629 580 1683 1)
612 1631 844 1687 sapientiae
876 1630 1075 1674 adhaeret
1102 1630 1274 1688 quidem
1301 1633 1343 1673 in
1372 1646 1543 1688 corpore
1569 1645 1647 1675 suo
1675 1645 1709 1675 e.
1729 1645 1768 1687 q.
1787 1645 1821 1673 s·

290 1760 369 1817 Ep.
404 1760 474 1813 55,
509 1761 536 1804 2
568 1761 662 1804 ideo
696 1761 860 1805 diutius
891 1762 993 1805 vehi
1024 1764 1294 1819 perseveravi
1324 1764 1536 1807 invitante
1563 1764 1655 1820 ipso
1681 1762 1820 1814 litore,

230 1831 344 1888 quod
379 1834 491 1874 inter
533 1832 691 1876 Cumas
733 1837 775 1876 et
816 1833 973 1877 Servili
1017 1834 1163 1877 Vatiae
1205 1834 1357 1877 villam
1401 1839 1607 1878 curvatur
1648 1837 1691 1877 et
1721 1834 1821 1877 hinc

231 1904 352 1954 mari,
377 1902 496 1946 illinc
520 1903 617 1946 lacu
643 1903 763 1947 velut
789 1910 1024 1962 angustum
1050 1907 1133 1948 iter
1158 1904 1361 1948 cluditur.
1380 1910 1469 1949 erat
1487 1907 1601 1949 enim
1621 1919 1644 1949 a
1661 1905 1820 1948 recenti

231 1977 481 2030 tempestate
511 1976 689 2029 spissum.

410 2055 688 2100 Locutionem
729 2058 829 2100 litus
869 2058 1039 2113 spissum
1070 2058 1226 2102 Seneca
1257 2063 1482 2103 mutuatus
1511 2062 1574 2102 est
1606 2059 1658 2102 ab
1691 2057 1813 2103 Ovid.

227 2126 334 2170 Met.
367 2126 446 2170 XV
479 2127 565 2171 718
598 2134 639 2171 et
670 2127 800 2172 tellus
831 2127 1004 2173 Circaea
1035 2133 1079 2173 et
1108 2130 1232 2185 spissi
1263 2130 1397 2173 litoris
1427 2131 1621 2174 Antium.

285 2248 364 2305 Ep.
395 2248 465 2300 58,
485 2249 539 2292 31
567 2263 667 2292 nam
689 2250 770 2293 hoc
786 2251 881 2300 scis,
899 2255 1017 2307 puto,
1036 2251 1208 2294 Platoni
1224 2251 1476 2308 diligentiae
1494 2265 1593 2294 suae
1610 2251 1812 2295 beneficio

226 2320 468 2376 contigisse,
501 2320 614 2377 quod
645 2320 780 2364 natali
812 2336 887 2364 suo
919 2321 1099 2365 decessit
1126 2326 1169 2365 et
1195 2336 1354 2365 annum
1381 2337 1517 2365 unum
1545 2326 1672 2379 atque
1698 2326 1811 2366 octo-

223 2391 470 2445 gensimum
512 2390 703 2447 explevit
742 2394 831 2435 sine
870 2391 958 2436 ulla
999 2392 1262 2436 deductione.
1305 2393 1399 2436 ideo
1431 2394 1562 2450 magi,
1596 2394 1670 2448 qui
1700 2393 1809 2436 forte

223 2460 402 2503 Athenis
428 2466 560 2513 erant,
587 2461 900 2506 inmolaverant
925 2463 1136 2515 defuncto,
1154 2463 1372 2520 amplioris
1389 2464 1520 2506 fuisse
1537 2465 1663 2507 sortis
1681 2478 1809 2520 quam

222 2531 435 2575 humanae
462 2535 556 2584 rati,
575 2535 674 2590 quia
691 2539 1024 2577 consummasset
1042 2535 1401 2591 perfectissimum
1419 2549 1662 2586 numerum,
1680 2549 1809 2592 quem

222 2617 376 2645 novem
411 2605 558 2646 novies
589 2604 878 2661 multiplicata
909 2609 1174 2662 conponunt:
1207 2620 1291 2648 non
1325 2606 1474 2649 dubito
1508 2608 1610 2662 quin
1634 2611 1808 2660 paratus

221 2673 377 2715 sivisset
409 2688 563 2730 paucos
597 2675 686 2718 dies
718 2690 768 2718 ex
799 2677 882 2719 ista
914 2690 1083 2719 summa
1115 2681 1157 2719 et
1187 2676 1441 2719 sacrificium
1474 2679 1703 2720 remittere.

282 2744 380 2787 Mea
421 2744 546 2789 lectio
588 2748 661 2789 vix
705 2746 843 2790 differt
885 2762 909 2790 a
951 2749 1158 2804 scriptura
1180 2752 1308 2802 parat
1339 2748 1520 2804 ausisset,
1553 2762 1681 2804 quam
1714 2748 1803 2792 cod.

221 2815 531 2859 Laurentianus
563 2817 745 2861 exhibet.

267 2947 298 2987 1)
326 2947 512 2980 Invenimus
544 2952 709 2990 praeterea
733 2948 793 2991 Ep.
820 2949 897 2988 122,
925 2950 965 2982 12
989 2960 1141 2982 cenarum
1165 2949 1322 2982 bonarum
1345 2949 1540 2988 aci-sectatam
1565 2949 1653 2982 Disl.
1677 2951 1722 2984 IX
1747 2952 1801 2993 (de

219 3006 324 3044 tranq.
348 3004 413 3043 an.)
439 3002 468 3042 1,
492 3003 511 3034 8
535 3003 717 3036 adsectator
739 3014 906 3047 comesque
928 3004 1199 3047 patrimoniorum
1222 3004 1425 3047 pereuntium
1448 3005 1587 3048 populus
1610 3010 1670 3038 cet.
