1886 3388
1028 271 1084 316 22

327 400 404 456 Ep.
434 398 502 449 17,
532 397 557 440 3
585 410 737 452 nempe
764 395 842 437 hoc
869 395 1035 450 quaeris
1062 397 1105 436 et
1128 394 1208 436 hoc
1235 394 1317 435 ista
1335 391 1536 435 dilatione
1553 392 1620 434 vis
1637 389 1853 446 consequi,

264 487 315 514 ne
347 472 427 513 tibi
458 473 682 526 paupertas
712 465 902 509 timenda
935 467 1014 507 sit:
1049 464 1152 521 quid
1184 466 1220 507 si
1252 463 1485 520 adpetenda
1508 461 1599 506 est?
1626 460 1776 504 multis
1802 459 1855 503 ad

264 539 650 598 philosophandum
675 538 876 580 obstitere
905 536 1106 586 divitiae3
1136 540 1361 591 paupertas
1388 534 1583 591 expedita
1609 538 1685 585 est,
1709 545 1855 575 secura

266 617 342 656 est.
385 625 485 654 cum
527 609 750 652 classicum
780 608 947 658 cecinit,
981 608 1060 649 scit
1090 620 1172 649 non
1205 620 1248 648 se
1280 607 1392 662 peti;
1427 620 1525 648 cum
1558 618 1667 660 aqua
1697 602 1854 646 concla-

266 688 381 726 mata
423 687 500 734 est,
534 679 741 738 quomodo
772 682 905 730 exeat,
938 692 1020 721 non
1053 677 1155 734 quid
1186 677 1342 729 efferat,
1376 678 1563 733 quaerit;
1598 681 1642 717 ut
1673 676 1709 717 si
1740 675 1856 717 navi-

264 754 456 811 gandum
499 758 575 805 est,
620 766 704 794 non
746 752 941 806 strepitat
976 753 1126 805 portus
1158 763 1233 791 nec
1266 751 1394 791 unius
1426 749 1633 790 comitatu
1664 746 1855 802 inquieta

266 829 366 868 sunt
395 824 535 866 litora.
567 837 650 865 non
681 823 932 865 circumstat
962 819 1089 862 illum
1122 820 1246 862 turba
1279 833 1502 862 servorum
1533 832 1568 861 e.
1587 831 1626 873 q.
1646 831 1678 859 s.

327 896 406 938 Vix
450 898 590 951 potest
632 893 818 936 dubitari
859 892 961 948 quin
1005 890 1240 934 revocanda
1271 892 1349 933 sit:
1393 890 1466 931 isti
1495 891 1531 931 si
1564 886 1855 944 navigandum

267 970 343 1016 est,
375 981 459 1009 non
492 966 688 1021 strepitat
721 967 882 1020 portus.
915 962 994 1005 Illa
1026 966 1172 1005 autem
1204 976 1287 1005 vox
1319 963 1431 1005 inter
1464 960 1621 1017 quaerit
1652 962 1694 1002 et
1724 959 1761 1000 si
1787 958 1858 1002 ha-

266 1037 522 1094 plographia
554 1035 737 1092 quadam
769 1034 938 1077 excidit.

327 1109 444 1151 Idem
475 1120 709 1164 pronomen
741 1105 1125 1148 demonstrativum
1158 1103 1346 1147 desidero
1377 1104 1422 1146 in
1456 1101 1730 1159 sequentibus
1759 1100 1856 1157 (Ep.

268 1179 338 1231 45,
374 1179 444 1231 8):
489 1182 678 1220 ceterum
720 1178 794 1233 qui
834 1177 1137 1233 interrogatur,
1182 1189 1235 1218 an
1278 1188 1435 1218 cornua
1475 1173 1641 1223 habeat,
1679 1187 1762 1214 non
1794 1177 1858 1214 est

267 1255 357 1293 tam
390 1248 562 1300 stultus,
595 1251 644 1290 ut
675 1248 860 1290 frontem
891 1261 1013 1289 suam
1046 1250 1243 1302 temptet,
1278 1260 1354 1289 nec
1385 1258 1533 1287 rursus
1565 1249 1656 1286 tam
1686 1244 1858 1299 ineptus

268 1326 343 1365 aut
383 1321 523 1372 hebes,
557 1323 607 1361 ut
637 1320 796 1362 nesciat
829 1316 940 1375 <ista
971 1316 1085 1375 nisi>
1121 1322 1170 1360 tu
1201 1316 1267 1360 illi
1300 1315 1581 1360 subtilissima
1613 1314 1860 1358 collectione

266 1405 537 1450 persuaseris.

328 1504 406 1561 Ep.
437 1503 508 1555 18,
539 1503 592 1545 15
622 1503 681 1545 sic
707 1503 822 1559 ignis
849 1516 933 1544 non
960 1501 1089 1544 refert
1116 1514 1246 1557 quam
1270 1514 1468 1557 magnus,
1497 1499 1569 1543 sed
1585 1513 1668 1556 quo
1684 1498 1858 1542 incidat.

267 1590 367 1618 nam
410 1576 542 1618 etiam
583 1575 825 1617 maximum
868 1572 1003 1616 solida
1043 1587 1127 1616 non
1168 1576 1439 1629 receperunt;
1483 1586 1630 1614 rursus
1669 1570 1786 1614 arida
1816 1574 1860 1614 et

268 1648 423 1703 corripi
447 1645 587 1689 facilia
607 1677 735 1688 .....
766 1643 999 1687 scintillam
1027 1657 1194 1700 quoque
1217 1644 1364 1687 fovent
1385 1657 1520 1699 usque
1536 1644 1581 1685 in
1597 1641 1857 1685 incendium.

326 1717 376 1760 In
417 1717 569 1760 lacuna
611 1730 684 1759 sex
725 1715 983 1767 litterarum,
1027 1729 1135 1772 quae
1167 1719 1283 1758 extat
1314 1716 1359 1757 in
1391 1714 1481 1757 cod.
1514 1714 1549 1756 L
1580 1718 1677 1771 post
1700 1713 1859 1771 saeida

267 1791 344 1843 (sic
377 1790 488 1831 enim
524 1789 732 1844 scriptum
764 1788 846 1843 est)
878 1800 1034 1843 repono
1066 1786 1318 1831 adverbium
1342 1785 1494 1843 facile.

327 1910 406 1967 Ep.
439 1910 511 1962 21,
548 1909 604 1951 10
635 1910 890 1964 inscriptum
922 1907 1106 1951 hortulis
1140 1908 1333 1965 „hospes,
1365 1908 1430 1949 hie
1462 1908 1553 1950 bene
1577 1906 1763 1958 manebis,
1790 1907 1860 1950 hic

267 1995 488 2024 summum
521 1982 681 2023 bonum
713 1979 913 2036 voluptas
945 1979 1052 2022 est''.

328 2052 410 2095 His
441 2052 584 2095 verbis
614 2051 893 2093 admonemur
924 2050 1019 2093 Liv.
1053 2049 1089 2092 V
1122 2050 1193 2101 55,
1231 2050 1253 2092 1
1288 2051 1479 2094 centurio
1511 2051 1556 2092 in
1586 2052 1761 2093 comitio
1793 2064 1861 2093 ex-

268 2122 493 2166 clamavit:
527 2121 744 2178 „sig-mser,
779 2125 920 2163 statue
951 2122 1126 2178 signum
1158 2121 1223 2162 hie
1253 2120 1492 2163 manebimus
1523 2120 1710 2176 optime’'.

328 2243 404 2300 Ep.
449 2243 521 2294 22,
568 2242 622 2285 13
665 2242 756 2285 Iam
799 2242 1085 2298 inprimebam
1127 2242 1337 2298 epistulae
1379 2244 1573 2300 signum:
1608 2242 1858 2287 resolvenda

268 2319 345 2364 est,
382 2318 431 2357 ut
463 2327 561 2356 cum
592 2312 789 2356 sollemni
823 2312 875 2355 ad
908 2317 949 2355 te
981 2312 1238 2356 munusculo
1272 2315 1415 2356 veniat
1447 2317 1489 2356 et
1522 2313 1709 2370 aliquam
1741 2327 1860 2370 mag-

267 2385 436 2428 nificam
475 2399 622 2428 vocem
654 2386 760 2427 ferat
791 2398 948 2435 secum,
983 2387 1025 2426 et
1058 2386 1241 2426 occurrit
1272 2385 1382 2426 mihi
1413 2399 1505 2427 ecce
1537 2386 1677 2427 nescio
1709 2388 1859 2427 utrum

267 2457 407 2499 verior
453 2469 506 2498 an
548 2454 826 2510 eloquentior,
867 2453 1075 2506 ,‚cuius?”
1120 2456 1283 2511 inquis:
1335 2454 1523 2511 Epicuri,
1565 2455 1703 2498 adhue
1742 2456 1856 2498 enim

267 2526 428 2570 alienas
468 2527 651 2569 sarcinas
693 2527 837 2568 adoro:
889 2540 1042 2576 „nemo
1085 2540 1168 2569 non
1210 2527 1270 2568 ita
1313 2528 1400 2569 exit
1433 2540 1454 2569 e
1487 2527 1589 2578 vita,
1633 2531 1855 2583 tamquam

268 2597 396 2640 modo
427 2596 695 2640 intraverit''.

329 2668 464 2711 Verbo
505 2670 701 2723 corrupto
743 2668 993 2723 quantocius
1035 2668 1247 2710 substitue
1289 2667 1494 2722 adaperto,
1538 2682 1636 2711 nam
1668 2667 1856 2725 legimus

267 2739 345 2796 Ep.
380 2739 451 2789 46,
488 2739 509 2781 1
545 2739 725 2781 Librum
756 2743 895 2790 tuum,
927 2753 1053 2795 quem
1081 2739 1191 2781 mihi
1216 2740 1486 2795 promiseras,
1516 2740 1655 2796 accepi
1682 2744 1724 2782 et
1751 2744 1858 2782 tam-

268 2824 397 2866 quam
428 2809 616 2852 lecturus
649 2823 700 2852 ex
728 2809 948 2852 commodo
974 2810 1193 2864 adaperui;
1220 2809 1299 2865 ΕΡ.
1330 2809 1400 2861 64,
1432 2809 1487 2852 10
1515 2824 1622 2866 equo
1649 2809 1854 2862 desiliam,

268 2885 396 2936 caput
435 2882 679 2934 adaperiam,
722 2882 875 2923 semita
916 2881 1085 2931 cedam;
1131 2879 1240 2924 Dial.
1273 2880 1313 2922 H
1344 2880 1412 2932 (de
1445 2884 1576 2923 const.
1611 2885 1718 2937 sap.)
1753 2881 1791 2933 1,
1827 2880 1854 2923 2

269 2952 413 2993 eadem
446 2951 533 3001 illa,
567 2965 673 3006 quae
705 2953 749 2993 in
781 2965 917 2993 unum
948 2956 1217 3008 congesserat
1243 2965 1358 2994 error
1384 2950 1618 3002 oculorum,
1646 2951 1854 3008 paulatim

269 3021 585 3075 adaperiuntur;
616 3021 728 3064 Dial.
762 3021 824 3064 IX
855 3021 924 3075 (de
957 3027 1092 3079 tranq.
1128 3026 1214 3075 an.)
1247 3023 1288 3073 4,
1319 3021 1343 3065 7
1376 3023 1465 3066 sive
1493 3024 1625 3066 otiosa
1650 3026 1857 3079 mutaque
