1886 3388
779 250 833 293 15

70 372 309 423 Auctorem,
340 373 496 428 quippe
524 385 650 428 quem
675 373 796 415 iuvet
822 373 865 414 in
892 384 978 414 una
1000 370 1230 426 eademque
1250 369 1422 426 periodo
1443 384 1595 426 ponere

8 443 234 484 recalebant
258 445 301 485 et
327 442 520 494 callentis,
547 441 781 485 verisimile
802 446 864 485 est
881 443 1095 498 scripsisse
1111 441 1154 483 id
1174 440 1285 496 quod
1301 441 1410 483 dedi.
1429 440 1598 483 Similia

6 514 250 556 invenimus
291 513 405 566 (XIV
443 513 509 565 11,
545 513 589 566 3)
631 513 825 556 consulto
868 513 1064 565 consilio;
1109 511 1233 565 (XXI
1269 511 1337 562 12,
1374 511 1446 564 13)
1485 515 1597 568 pete-

6 583 161 626 bantur
178 614 307 627 .....
340 585 617 639 oppetebant3
653 583 831 638 (XXVII
865 583 933 634 12,
971 584 1042 634 12)
1073 597 1179 639 quae
1212 587 1371 636 ceperat
1402 588 1595 636 superata

5 658 83 697 cet.
116 654 334 697 Aditur-um
367 654 548 710 denique
581 654 902 697 commendatur
933 654 1009 697 Sil.
1043 654 1151 695 Pun.
1186 653 1264 695 XV
1300 653 1383 695 511

606 750 713 779 neue
745 750 878 792 usque
910 735 963 778 ad
995 735 1131 779 sidera
1163 737 1293 778 adisse

311 806 506 850 Inuideat
536 806 684 849 laeuus
718 807 838 849 nobis
865 807 981 850 deus.

64 926 251 969 XXVIII
281 927 323 978 2,
359 927 414 970 12
445 941 520 970 nec
552 929 778 984 quisquam
810 927 1045 971 aduentum
1077 941 1227 970 eorum
1254 940 1402 970 cauere
1429 929 1595 983 poterat

3 998 243 1054 inopinum,
285 1012 369 1041 non
412 997 621 1041 destinata
665 999 736 1041 sed
778 1000 898 1041 uaria
938 999 1180 1054 petentium
1213 1002 1256 1041 et
1286 997 1521 1054 longinqua
1552 1001 1595 1040 et

3 1081 168 1124 quaque
188 1068 218 1124 ¹)
262 1072 415 1111 uentus
458 1069 636 1112 duxerat
675 1067 1111 1126 perrumpentum²):
1157 1083 1284 1125 quam
1330 1069 1382 1111 ob
1423 1082 1594 1110 causam

1 1153 100 1195 prae
127 1141 278 1182 ceteris
302 1140 498 1183 hostibus
524 1140 710 1183 Saxones
739 1142 949 1183 timentur
971 1145 1020 1183 ut
1048 1141 1272 1196 repentini.
1300 1143 1342 1182 et
1359 1139 1596 1196 quamlibet

1 1211 212 1253 coniurati
253 1210 492 1253 multorum
536 1225 635 1267 opes
669 1213 931 1262 atti-inerint,
965 1215 1185 1267 oestroque
1217 1212 1409 1267 concepti
1439 1211 1595 1252 furoris

1 1282 208 1337 exagitati
250 1281 397 1324 caedes
432 1281 598 1324 edidere
630 1281 852 1335 luctificas,
887 1283 1107 1338 sanguinis
1138 1281 1274 1324 nihilo
1305 1282 1448 1323 minus
1478 1281 1595 1323 auidi

1 1365 130 1407 quam
152 1351 420 1408 praedarum,
441 1349 576 1408 (sed)
596 1367 648 1395 ne
666 1367 740 1408 per
755 1354 959 1394 minutias
976 1356 1099 1409 gesta
1117 1351 1325 1394 narrando
1343 1367 1364 1393 r
1378 1383 1485 1396 .....
1499 1367 1595 1394 enus

0 1424 138 1478 operis
182 1422 398 1479 inpediam
434 1437 622 1475 cursum,
655 1423 700 1466 id
733 1438 870 1466 unum
901 1423 1081 1466 sufficiet
1113 1437 1259 1466 eorum
1293 1422 1463 1465 exitiale
1495 1423 1595 1478 poni

1 1498 308 1537 commentum.

61 1564 159 1621 Ipsa
189 1566 388 1622 vestigia,
425 1566 624 1621 quamvis
657 1567 742 1608 sint
775 1565 916 1616 exilia,
950 1564 1112 1607 ducunt
1144 1578 1213 1607 me
1241 1564 1315 1607 ad:
1345 1568 1491 1606 rectum
1520 1563 1594 1604 ali-

2 1640 194 1692 quatenus
227 1638 364 1692 operis
394 1637 611 1693 inpediam
642 1651 816 1679 cursum
850 1651 884 1679 e.
901 1651 939 1693 q.
956 1651 988 1679 s.

63 1706 330 1750 Adverbium
361 1708 571 1750 insertum
599 1710 790 1765 agnoscit
818 1709 1086 1758 Ammianus,
1114 1706 1237 1750 velut
1263 1705 1445 1758 (XXVII
1466 1706 1532 1761 10,
1549 1706 1593 1758 4)

0 1777 254 1833 aliquatenus
297 1777 475 1821 hostiles
506 1782 704 1835 torpuere
737 1778 965 1821 discursus.
999 1778 1256 1833 Saepissime
1289 1781 1432 1819 autem
1465 1781 1594 1818 rectus

0 1849 202 1890 occurrit:
251 1847 391 1898 (XVII
429 1848 469 1900 5,
504 1848 550 1902 9)
595 1854 700 1890 recto
742 1852 934 1905 pectore;
974 1847 1114 1900 (XVII
1147 1847 1187 1902 9,
1226 1848 1268 1900 1)
1312 1852 1418 1889 reeta
1461 1849 1592 1899 serie;

0 1917 140 1970 (XVII
173 1917 213 1969 5,
248 1918 292 1971 5)
323 1923 430 1961 recta
462 1921 593 1970 ratio;
629 1919 768 1975 (XXV
802 1919 843 1970 4,
880 1919 953 1972 16)
984 1921 1186 1962 instituto
1217 1919 1456 1969 rectissimam
1490 1917 1593 1970 (XX

1 1987 43 2039 3,
76 1988 122 2044 2)
153 1987 426 2032 lineamentis
459 1990 689 2032 rectissimis
722 1994 803 2033 cet.

60 2130 245 2173 XXVIII
278 2130 318 2182 4,
357 2131 409 2173 16
444 2130 508 2174 Ita
537 2136 682 2174 autem
714 2133 839 2187 pauci
871 2134 970 2173 sunt
997 2133 1109 2174 inter
1141 2145 1210 2174 eos
1240 2132 1378 2173 seueri
1403 2130 1594 2173 uindices

0 2201 250 2244 delictorum
277 2206 339 2252 ut,
369 2204 404 2244 si
431 2216 586 2258 aquam
614 2202 797 2246 calidam
825 2202 987 2245 tardius
1004 2201 1197 2245 attulerit
1214 2216 1376 2252 seruus,
1395 2203 1593 2244 trecentis

0 2271 146 2329 adfligi
178 2274 428 2316 uerberibus
454 2274 673 2324 iubeatur3
704 2275 740 2316 si
764 2274 982 2316 hominem
1010 2278 1158 2330 sponte
1184 2273 1383 2316 occiderit
1407 2273 1591 2328 propria,

0 2344 257 2386 instantibus
284 2343 486 2400 plurimis
514 2348 564 2386 ut
590 2344 819 2387 damnetur
835 2359 931 2387 reus
948 2344 1146 2387 dominus
1162 2344 1366 2386 hactenus
1385 2342 1594 2386 exclamet

1 2414 133 2470 „quid
172 2415 298 2457 faciat
339 2430 400 2456 ma
421 2447 581 2460 ......
599 2430 725 2457 mosas
767 2419 809 2458 et
844 2414 1056 2471 nequam?
1089 2420 1131 2458 et
1162 2417 1296 2471 siquis
1330 2412 1477 2470 <aliud
1509 2414 1593 2456 eius

0 2481 134 2539 modi>
168 2483 363 2540 deinceps
397 2499 525 2528 ausus
557 2486 701 2537 fuerit,
736 2487 974 2543 corrigetur
993 2484 1041 2538 3).

61 2553 109 2596 In
141 2556 278 2610 priore
308 2555 459 2598 lacuna
491 2556 517 2599 9
549 2556 636 2600 litt.
670 2559 863 2614 capiente
895 2557 1077 2600 scribere
1110 2556 1240 2599 velim
1272 2556 1491 2613 manifesto
1519 2570 1594 2597 mo-

0 2639 125 2676 rosus,
153 2629 197 2667 at
224 2625 487 2669 Cornelissen
502 2625 536 2680 4)
564 2629 788 2684 proposuit
813 2628 1029 2684 manifesto
1054 2627 1246 2669 rabiosus.
1275 2626 1432 2668 Verum
1462 2626 1593 2669 adiec-

0 2696 143 2738 tivum
174 2696 352 2739 rabiosus
383 2700 628 2755 graviorem
660 2700 752 2742 vim
789 2699 947 2742 habens
978 2698 1061 2741 huc
1093 2712 1175 2741 non
1209 2697 1401 2753 quadrat.

47 2827 79 2868 1)
100 2828 265 2860 Servanda
288 2832 336 2861 est
361 2829 480 2862 codicis
506 2829 676 2873 scriptura.

45 2882 79 2920 2)
103 2881 152 2914 Cf.
174 2882 259 2914 Phil.
285 2882 348 2916 vol.
378 2885 417 2915 51
443 2895 514 2926 pag.
544 2885 617 2916 525.

47 2936 80 2976 3)
102 2936 344 2980 Petschenigius
367 2939 506 2981 praefert
529 2943 655 2972 curetur
682 2940 780 2982 (Phil.
810 2939 872 2973 vol.
899 2939 936 2971 51
966 2950 1040 2982 pag.
1065 2939 1152 2979 526).

48 2993 82 3031 4)
105 2992 266 3025 Mnemos.
288 2992 352 3025 vol.
377 2993 419 3025 14
441 3005 514 3036 pag.
543 2994 622 3028 293.
