1886 3388
850 236 907 280 25

146 361 226 418 ΕΡ.
272 361 342 413 65,
378 359 432 403 15
476 360 606 417 „quid
644 360 729 412 te’',
772 360 930 416 inquis,
975 357 1184 411 „delectat
1226 359 1397 410 tempus
1439 354 1550 395 inter
1590 353 1674 394 ista

84 435 310 483 conterere,
339 446 445 488 quae
472 432 552 474 tibi
579 431 750 474 nullum
779 431 975 473 affectum
992 431 1192 486 eripiunt,
1210 425 1374 470 nullam
1392 423 1672 480 cupiditatem

82 503 264 559 abigunt
276 501 320 545 ?’'
355 516 434 559 ego
468 502 640 558 quidem
662 503 808 556 peiora
839 501 915 544 illa
947 515 1027 558 ago
1060 514 1106 543 ac
1136 502 1284 548 tracto,
1314 496 1467 553 quibus
1494 497 1668 551 pacatur

82 574 266 623 animus,
299 577 342 616 et
373 587 442 616 me
473 574 591 629 prius
624 578 800 623 scrutor,
836 571 985 614 deinde
1017 572 1130 614 hunc
1160 567 1385 612 mundum.

141 643 292 686 Nonne
329 644 644 687 rescribendum
678 648 760 686 est:
796 644 1002 697 superiora
1032 641 1108 684 illa
1140 654 1220 698 ago
1253 653 1299 681 ac
1331 640 1480 687 tracto,
1515 635 1670 692 quibus

82 718 259 770 pacatur
289 716 457 756 animus
488 729 523 757 e.
541 728 580 770 q.
600 712 661 757 s.?
697 711 760 757 Of.
789 712 900 756 Dial.
929 713 992 755 XI
1018 712 1088 765 (ad
1115 710 1287 768 Polyb.)
1316 708 1355 758 5,
1384 707 1411 750 2
1448 705 1522 749 ille
1551 706 1667 748 enim

78 783 394 841 indulgentiam
436 785 517 827 tibi
558 789 762 841 tanquam
802 784 923 826 fratri
964 784 1194 839 praestitit,
1227 780 1543 824 venerationem
1574 781 1665 819 tan-

79 868 208 910 quam
225 856 404 910 parenti,
423 854 588 898 cultum
605 859 809 911 tanquam
826 853 1046 908 superiori;
1066 851 1177 903 Dial,
1189 850 1246 893 IV
1260 849 1391 901 34,1;
1411 848 1447 891 V
1459 847 1529 899 39,
1546 847 1567 889 1
1583 850 1662 889 cet.

139 923 341 969 Ceterum
374 940 473 969 cum
505 929 595 969 toto
628 926 706 968 hoc
738 924 831 968 loco
863 927 1132 980 comparetur
1163 921 1268 976 (Cic.
1296 920 1420 963 Tusc.
1448 918 1483 961 V
1511 922 1535 970 ἓ
1564 917 1662 969 10):

78 994 272 1039 Socrates
314 1000 459 1039 autem
499 998 664 1053 primus
708 995 1024 1053 philosophiam
1067 993 1291 1038 devocavit
1333 1005 1354 1033 e
1398 988 1510 1033 caelo
1547 992 1588 1031 et
1620 989 1665 1029 in

77 1067 257 1109 urbibus
298 1066 534 1110 conlocavit
575 1071 618 1110 et
658 1068 702 1109 in
744 1067 895 1109 domus
936 1067 1064 1109 etiam
1097 1063 1337 1107 introduxit
1369 1064 1412 1104 et
1443 1060 1584 1115 coegit
1615 1057 1664 1100 de

76 1138 168 1181 vita
198 1140 241 1181 et
271 1138 464 1181 moribus
494 1138 704 1195 rebusque
738 1138 856 1180 bonis
888 1141 929 1180 et
961 1136 1086 1179 malis
1119 1148 1330 1192 quaerere.

133 1268 212 1325 ΕΡ.
250 1269 319 1322 70,
355 1269 379 1311 5
414 1271 450 1312 si
480 1269 620 1312 multa
653 1273 879 1313 occurrunt
911 1269 1090 1312 molesta
1123 1271 1164 1311 et
1191 1263 1547 1322 tranquillitatem
1575 1265 1664 1303 tur-

78 1340 233 1392 bantia,
275 1341 438 1383 emittit
479 1355 537 1384 se.
581 1355 657 1384 nec
695 1342 773 1384 hoc
804 1344 974 1384 tantum
1004 1341 1049 1382 in
1081 1339 1329 1382 necessitate
1360 1334 1516 1377 ultima
1547 1332 1661 1383 facit,

76 1409 148 1453 sed
190 1425 289 1453 cum
330 1413 522 1467 primum
564 1411 632 1454 illi
674 1413 813 1468 coepit
854 1415 1047 1468 suspecta
1089 1424 1178 1453 esse
1215 1409 1398 1458 fortuna,
1431 1403 1661 1460 diligenter

76 1482 378 1538 circumspicit,
412 1481 622 1538 numquid
652 1482 725 1523 illo
758 1481 1036 1524 desinendum
1068 1482 1136 1523 sit.

133 1551 318 1609 Madvig
348 1567 423 1608 pro
455 1553 528 1594 illo
560 1553 737 1596 coniecit
767 1553 893 1605 illico,
927 1557 970 1595 at
1002 1551 1136 1595 editor
1166 1554 1309 1593 noster
1340 1548 1430 1598 cito,
1459 1544 1658 1602 equidem

79 1636 266 1679 propono
297 1623 399 1665 ideo.

133 1743 211 1800 Ep.
243 1742 313 1795 72,
347 1743 398 1786 11
427 1757 509 1787 non
534 1743 737 1787 debemus
755 1744 1100 1801 occupationibus
1118 1741 1355 1798 indulgere.
1373 1735 1657 1782 excludendae

72 1819 194 1857 sunt:
237 1816 274 1857 si
315 1813 447 1857 semel
487 1816 755 1866 intraverint,
796 1817 842 1857 in
882 1814 1025 1858 locum
1069 1829 1195 1858 suum
1240 1812 1342 1856 alias
1379 1810 1657 1853 substituent.

63 1884 287 1939 principiis
316 1884 492 1927 illarum
524 1890 730 1939 opstemus.

131 1954 408 1999 Conferamus
449 1957 640 2012 primum
680 1956 758 2012 Ep.
804 1956 874 2008 85,
910 1957 965 2000 12
1007 1958 1043 1999 si
1082 1958 1127 1999 in
1158 1959 1300 1998 nostra
1331 1955 1542 2010 potestate
1572 1964 1656 1992 non

71 2029 147 2078 est,
187 2040 240 2069 an
272 2028 358 2069 sint
389 2025 590 2078 adfectus,
623 2041 675 2069 ne
705 2026 814 2070 illud
847 2028 1019 2084 quidem
1052 2032 1128 2079 est,
1163 2027 1310 2083 quanti
1342 2026 1447 2067 sint:
1482 2024 1519 2064 si
1549 2022 1654 2076 ipsis

69 2098 303 2153 permisisti
344 2096 530 2152 incipere,
574 2112 672 2140 cum
714 2100 851 2141 causis
882 2101 970 2142 suis
1002 2102 1190 2142 crescent
1201 2111 1210 2149 ;
1245 2102 1340 2140 tum
1374 2093 1496 2138 Ovid.
1529 2092 1651 2135 Rem.

71 2181 154 2212 am.
189 2167 243 2211 91

251 2239 473 2293 Principiis
503 2240 632 2286 obsim
669 2254 758 2284 sero
791 2240 1002 2283 medicina
1035 2243 1208 2297 paratur
1230 2239 1274 2296 ¹).

133 2370 212 2427 ΕΡ.
242 2369 312 2421 75,
342 2370 395 2412 11
429 2371 531 2426 quid
554 2372 665 2414 inter
690 2372 858 2415 morbos
884 2373 1016 2414 animi
1042 2373 1211 2414 intersit
1238 2375 1280 2414 et
1305 2370 1506 2419 adfectus,
1533 2380 1655 2422 saepe

69 2442 158 2484 iam
185 2440 287 2483 dixi.
316 2455 427 2483 nunc
455 2455 620 2498 quoque
646 2446 687 2484 te
716 2442 972 2485 admonebo:
1003 2443 1140 2485 morbi
1167 2445 1265 2484 sunt
1290 2442 1526 2484 inveterata
1548 2438 1655 2481 vitia

68 2506 111 2555 et
142 2511 259 2562 dura,
295 2516 344 2554 ut
377 2513 569 2564 avaritia,
602 2516 652 2554 ut
685 2513 886 2556 ambitio:
919 2513 1043 2554 nimia
1074 2518 1185 2554 aetus
1215 2513 1317 2555 haec
1349 2512 1542 2553 animum
1573 2509 1653 2550 im-

64 2581 306 2639 plicuerunt
338 2585 381 2624 et
412 2586 617 2638 perpetua
650 2584 741 2625 eius
774 2583 886 2626 mala
920 2597 1010 2626 esse
1043 2587 1283 2639 coeperunt.

128 2651 188 2695 Ut
217 2651 336 2695 locus
362 2657 585 2709 corruptus
613 2657 797 2705 sanetur,
825 2655 1048 2697 restituere
1074 2653 1226 2697 velim:
1256 2667 1388 2706 nempe
1412 2651 1522 2693 intus
1548 2649 1650 2693 haec

66 2724 259 2766 animum
290 2723 607 2779 implicuerunt.

124 2795 272 2848 Nempe
303 2796 525 2837 sescenties
556 2796 599 2837 in
633 2794 828 2851 epistulis
859 2795 1031 2839 adhibet
1057 2795 1227 2846 Seneca,
1256 2800 1300 2838 at
1326 2796 1436 2837 intus
1462 2795 1647 2837 occurrit

66 2864 144 2921 ΕΡ.
178 2864 249 2915 80,
286 2864 363 2919 1Ο;
396 2865 475 2921 ΕΡ.
510 2863 581 2916 82,
615 2865 664 2916 43
699 2865 809 2909 Dial.
843 2866 863 2908 I
896 2866 935 2917 6,
972 2866 1020 2918 33
1055 2866 1165 2910 Dial.
1199 2867 1218 2909 I
1247 2867 1287 2918 6,
1317 2867 1341 2909 5
1374 2870 1453 2909 cet.
1487 2865 1646 2908 Descri-

115 2996 150 3039 1)
175 2995 224 3028 cf.
249 2995 327 3028 Otto
351 2995 411 3028 Die
433 2994 663 3038 Sprichwbrter
685 2994 740 3028 der
763 2994 888 3028 Romer.
913 2995 991 3038 Pag.
1015 2995 1089 3031 287.
