1886 3388
788 250 844 294 17

78 373 217 431 Supra
246 372 365 427 (XIV
393 373 432 425 1,
461 372 488 415 4
515 375 557 415 et
588 371 688 415 XIV
716 371 756 424 6,
788 372 862 425 11)
891 371 1054 429 legitur
1084 371 1188 425 stipe
1219 370 1445 422 conlaticia‚
1475 384 1604 427 quam

18 443 277 487 locutionem
316 445 407 487 iure
450 443 659 501 Weyman
680 442 710 496 ¹)
753 442 968 485 contendit
1009 442 1290 484 Ammianum
1332 441 1382 484 ab
1423 440 1607 497 Apuleio

20 519 270 558 mutuatum
317 528 420 557 esse.
469 513 864 558 Oommemoremus
904 516 1121 556 auctorem
1158 515 1353 555 nostrum
1395 514 1609 568 praeterea

0 575 244 650 {usurpasse
275 585 437 639 (XXVI
472 585 540 637 10,
578 585 672 638 14):
706 585 810 639 stipe
836 585 1033 639 precaria.

84 726 233 770 XXIX
259 726 300 779 2,
333 725 386 770 17
415 727 656 770 Accesserat
682 726 760 769 hoc
788 740 955 782 quoque
977 725 1124 768 eodem
1143 728 1331 781 tempore
1350 724 1402 767 ad
1419 723 1609 766 Valentis

24 801 182 841 ceteras
207 797 365 849 laudes,
393 798 504 854 quod
530 812 629 841 cum
655 798 699 840 in
727 797 821 840 aliis
846 799 908 840 ita
934 798 1116 840 saeviret
1131 797 1294 847 infeste,
1314 799 1362 838 ut
1378 809 1610 852 poenarum

24 869 190 910 maturis
208 900 367 912 ......
410 868 537 912 ferret
577 868 690 910 finiri
722 882 821 911 cum
852 872 1003 919 morte,
1037 866 1356 910 Pollentianum
1388 866 1610 909 tribunum

22 938 189 982 malitia
218 938 430 995 quendam
462 942 785 995 exsuperantem
805 970 965 982 ......
999 938 1112 981 abire
1143 939 1269 980 iussit
1299 936 1525 980 inlaesum.

81 1009 236 1052 Decem
262 1008 430 1052 litterae
455 1011 722 1061 interierunt,
752 1023 856 1066 quas
881 1013 931 1052 ut
955 1023 1252 1066 recuperemus
1279 1009 1442 1051 ratione
1467 1008 1612 1050 habita

21 1079 201 1123 traditae
233 1079 437 1131 lectionis,
470 1081 739 1123 scribendum
771 1081 875 1123 erit:
909 1084 958 1123 ut
988 1094 1221 1137 poenarum
1244 1077 1507 1137 maturi<n>s
1532 1080 1611 1120 nim

15 1165 121 1205 prae
144 1165 185 1192 se
210 1150 338 1194 ferret
364 1151 476 1193 finiri
502 1166 600 1194 cum
621 1156 771 1194 morte.
792 1150 1044 1208 Comparare
1061 1165 1288 1207 possumus
1305 1149 1465 1203 (XXVI
1482 1150 1523 1202 2,
1544 1149 1610 1203 6):

21 1220 193 1272 Exulto,
224 1223 542 1278 prouinciarum
575 1223 796 1265 fortissimi
829 1222 1080 1273 defensores,
1114 1226 1156 1265 et
1174 1237 1280 1277 prae
1304 1237 1362 1263 me
1378 1222 1479 1277 fero
1507 1235 1611 1264 sem-

23 1306 180 1349 perque
221 1291 389 1335 laturus
432 1307 542 1344 sum,
585 1308 661 1336 nec
694 1295 881 1350 speranti
913 1308 948 1336 e.
967 1308 1005 1350 q.
1024 1307 1057 1336 s.
1090 1293 1141 1336 ad
1173 1294 1430 1336 sententiam
1463 1296 1606 1335 autem

27 1362 122 1406 Sen.
150 1362 212 1406 De
239 1363 382 1407 Benef.
410 1364 488 1407 VII
518 1364 587 1416 19,
607 1365 634 1407 8
660 1379 744 1408 non
773 1368 997 1408 contentus
1019 1363 1206 1421 simplici
1224 1368 1362 1407 morte
1379 1363 1614 1420 distorquet

28 1447 104 1477 nec
136 1435 224 1476 urit
255 1433 395 1477 solum
426 1437 650 1492 perituros,
683 1435 755 1479 sed
786 1437 996 1492 excoquit.

86 1575 234 1620 XXIX
267 1575 307 1629 4,
343 1576 368 1619 6
410 1577 488 1619 hac
530 1576 848 1620 Valentinianus
890 1576 1029 1634 gloria
1070 1576 1340 1620 defraudatus
1381 1591 1457 1619 nec
1488 1576 1615 1633 culpa

27 1644 266 1704 (propria)
300 1661 376 1690 nec
409 1647 566 1690 ducum
599 1648 670 1690 sed
700 1649 1029 1704 intemperantia
1061 1647 1214 1690 militis
1247 1661 1282 1691 e.
1301 1662 1340 1703 q.
1359 1662 1391 1690 s.

85 1717 181 1761 Non
217 1718 342 1761 modo
373 1720 512 1760 utitur
543 1723 689 1762 auctor
719 1724 860 1762 noster
890 1723 1027 1773 sponte
1057 1734 1132 1760 sua
1163 1719 1231 1770 (cf.
1265 1718 1393 1761 XXII
1428 1717 1497 1768 15,
1531 1716 1612 1770 273

26 1788 112 1830 XX
144 1788 185 1840 8,
222 1788 307 1843 15),
350 1803 502 1832 verum
543 1791 674 1832 etiam
715 1795 850 1844 sponte
879 1789 1051 1844 propria
1082 1789 1224 1845 (XVII
1257 1789 1298 1840 2,
1334 1789 1382 1840 3;
1417 1788 1539 1831 XVII
1572 1788 1613 1840 5,

28 1857 53 1913 7
82 1862 179 1911 cet.)
205 1863 332 1916 atque
358 1861 529 1903 omnino
555 1861 632 1903 hoc
659 1861 917 1903 adiectivum
945 1861 1197 1903 Ammianus
1223 1862 1267 1902 in
1295 1859 1456 1903 deliciis
1473 1860 1612 1911 habet,

26 1930 78 1973 cf.
105 1929 213 1972 uilla
230 1931 403 1985 propria
428 1931 630 1982 (XXVIII
660 1931 700 1982 1,
725 1931 815 1983 54),
844 1933 1051 1988 occipitiis
1070 1931 1253 1986 propriis
1275 1930 1441 1983 (XXXI
1466 1930 1534 1982 15,
1556 1930 1613 1983 1),

27 2000 127 2043 telis
149 2001 335 2055 propriis
367 2001 532 2054 (XXXI
566 2002 636 2054 13,
673 2001 715 2054 6)
747 2006 826 2045 eet.

90 2070 219 2113 Haud
257 2072 471 2115 immerito
513 2086 612 2130 ergo
654 2073 835 2116 arbitror
873 2077 968 2130 post
999 2073 1117 2128 culpa
1147 2074 1494 2130 praetermissum
1527 2086 1615 2115 esse

22 2141 207 2196 propria.
250 2141 426 2199 Insuper
466 2143 735 2186 attendamus
768 2143 940 2198 propria
976 2158 1051 2200 per
1081 2143 1381 2200 compendium
1410 2145 1615 2200 scriptum

28 2227 112 2256 non
143 2212 334 2256 multum
367 2213 530 2257 differre
564 2228 587 2257 a
619 2214 883 2271 praecedenti
915 2213 1091 2271 syllaba,
1126 2228 1231 2271 quae
1263 2218 1326 2257 est
1356 2230 1424 2269 pa.

91 2353 238 2396 XXIX
275 2353 316 2405 5,
352 2353 376 2397 '7
418 2357 584 2411 recepto
625 2356 769 2411 itaque
810 2354 972 2398 tardius
1014 2355 1166 2407 milite,
1209 2370 1335 2413 quem
1379 2354 1616 2411 amplitudo

32 2421 368 2481 (intercipiebat)
402 2427 546 2476 maris,
578 2425 736 2468 Sitifim
768 2440 993 2482 properans
1025 2441 1060 2469 e.
1080 2441 1118 2483 q.
1137 2441 1169 2469 s.

91 2495 255 2539 Inserui
281 2496 551 2551 intercipiebat
576 2496 783 2539 adductus
810 2496 957 2549 (XXX
984 2497 1024 2549 3,
1053 2497 1121 2550 3):
1150 2499 1248 2554 quia
1274 2499 1411 2555 igitur
1437 2497 1618 2540 abeunte

31 2571 237 2610 autumno
278 2566 418 2610 multa
456 2567 730 2624 inpediebant
771 2571 812 2610 et
845 2582 1003 2624 aspera,
1037 2568 1337 2611 adnitebantur
1369 2583 1513 2611 omnes
1543 2582 1619 2624 per

31 2639 195 2694 regiam
226 2639 465 2693 optimateS‚
498 2642 549 2680 ut
580 2638 632 2680 ad
663 2652 796 2694 usque
828 2640 1086 2694 principium
1115 2636 1291 2695 (ueris)
1322 2644 1490 2682 oratum
1517 2653 1617 2681 eum

32 2707 311 2761 interciperent
337 2712 379 2750 et
404 2711 624 2751 exoratum
651 2723 686 2751 e.
700 2724 738 2765 q.
753 2723 785 2751 s.
813 2708 880 2752 Sic
898 2723 971 2765 pro
979 2709 1243 2764 perciperent,
1262 2723 1367 2766 quae
1385 2709 1617 2752 secundum

32 2778 414 2835 Eyssenhardtium
439 2783 502 2821 est
529 2779 685 2822 tradita
701 2781 920 2831 memoria,
940 2785 1052 2823 recte
1068 2781 1213 2823 scribit
1232 2781 1555 2837 Petschenigius
1568 2780 1615 2833 ²).

78 2950 112 2989 1)
135 2949 350 2992 Sitzungsber.
373 2949 427 2982 der
449 2950 488 2982 K.
512 2950 544 2982 b.
568 2948 746 2982 Akademie
772 2949 827 2982 der
851 2949 1123 2984 Wissenschaften
1148 2951 1245 2989 1893,
1269 2962 1342 2994 pag.
1369 2951 1446 2984 361.

80 3005 112 3046 2)
134 3004 221 3038 Phil.
245 3004 309 3038 vol.
333 3005 371 3037 51
396 3015 473 3047 pag.
501 3005 575 3036 522.

1465 3071 1485 3103 2
