1886 3388
598 799 1094 860 AMMIANEA.

117 1056 199 1108 Qui
226 1055 277 1098 ad
303 1056 496 1099 studium
514 1059 651 1113 operis
667 1059 885 1101 Ammiani
903 1056 1136 1102 Marcellini
1153 1070 1195 1098 se
1213 1053 1454 1105 contulerit,
1473 1067 1641 1096 summa

55 1140 154 1169 cum
196 1126 474 1170 admiratione
516 1127 632 1185 leget
672 1128 845 1186 longam
877 1131 1029 1172 seriem
1057 1129 1396 1171 coniecturarum
1429 1129 1471 1168 et
1503 1125 1641 1167 obser-

56 1198 291 1248 vationum,
324 1211 427 1254 quas
458 1199 785 1256 Petschenigius
817 1201 861 1241 in
889 1203 1052 1255 septem
1079 1197 1368 1240 voluminibus
1396 1196 1543 1247 Diarii,
1572 1196 1642 1237 cui

54 1267 209 1311 titulus
251 1271 313 1310 est
355 1267 665 1325 Philologus1),
703 1269 866 1326 publici
896 1271 1002 1312 iuris
1034 1269 1147 1310 fecit.
1181 1268 1325 1310 Etiam
1357 1281 1462 1323 quae
1494 1265 1642 1310 Corne-

53 1337 197 1388 lissen,
226 1336 458 1391 Guenther,
486 1339 638 1383 Novak
657 1342 705 1393 ²),
732 1340 886 1396 Stangl
907 1338 953 1391 ³),
981 1339 1173 1382 Lofstedt
1192 1340 1224 1391 ⁴)
1252 1338 1326 1380 alii
1353 1337 1643 1394 vulgaverunt

57 1408 107 1452 de
149 1408 224 1451 illo
267 1412 492 1466 praecipuo
536 1425 679 1453 rerum
710 1413 914 1467 scriptore
945 1411 1200 1466 pertinentia
1231 1409 1282 1451 ad
1315 1423 1405 1451 rem
1437 1409 1641 1457 criticam,

56 1494 140 1522 non
172 1482 262 1523 sine
295 1481 437 1523 fructu
469 1486 788 1539 cognoscentur.
818 1481 1107 1524 Nihilominus
1134 1478 1368 1523 verisimile
1394 1478 1501 1521 duco
1529 1491 1642 1530 eum,

60 1553 134 1608 qui
172 1551 405 1595 identidem
443 1552 672 1609 diligenter
701 1554 922 1595 Ammiani
953 1551 1085 1594 libros
1115 1550 1372 1602 tractaverit,
1405 1548 1643 1605 complures

57 1623 336 1665 inventurum
367 1637 456 1665 esse
487 1623 613 1675 locos,
646 1638 750 1680 quos
781 1624 861 1666 sibi
892 1623 1089 1666 videatur
1121 1621 1341 1664 emendare
1373 1635 1507 1677 posse.
1550 1619 1642 1662 Hoc

58 1693 332 1749 potissimum
364 1692 477 1734 cadit
506 1694 550 1735 in
582 1692 767 1747 lacunas,
801 1706 907 1748 quae
937 1691 1100 1734 multae
1133 1693 1276 1733 minus
1307 1694 1419 1733 recte
1452 1689 1644 1745 expletae

57 1768 181 1816 sunt3
208 1777 359 1807 verum
386 1777 507 1820 saepe
534 1765 697 1807 ratione
718 1764 864 1806 habita
880 1765 1015 1819 ipsius
1032 1761 1278 1805 Ammianei
1294 1762 1462 1818 generis
1479 1759 1644 1802 dicendi

56 1848 182 1879 voces
214 1833 467 1877 desideratas
499 1833 620 1877 facile
652 1836 925 1890 reperiemus,
958 1846 1278 1889 nonnumquam
1313 1846 1388 1888 ope
1415 1832 1642 1874 verborum

56 1907 149 1948 eius
182 1905 380 1956 auctoris,
413 1919 541 1960 quem
568 1905 796 1947 historicus
821 1908 965 1947 noster
991 1906 1154 1946 imitari
1180 1902 1300 1953 solet,
1328 1902 1644 1958 recuperabitur

55 1976 183 2020 lectio
228 1977 427 2032 genuina.
476 1975 624 2032 Itaque
672 1975 955 2018 utilissimum
1004 1979 1068 2018 est
1115 1974 1228 2017 locos
1276 1973 1438 2016 similes
1485 1972 1642 2024 afferre,

58 2049 254 2104 quamvis
284 2047 500 2089 interdum
527 2061 602 2103 pro
629 2051 741 2090 certo
768 2047 965 2089 contendi
992 2050 1185 2102 nequeat,
1214 2049 1362 2088 utrum
1390 2045 1642 2087 sententiam

59 2122 102 2161 et
143 2118 271 2160 verba
315 2118 366 2160 ab
399 2117 481 2160 alio
513 2119 716 2173 scriptore
747 2121 970 2159 mutuatus
1001 2118 1057 2159 sit
1088 2117 1356 2166 Ammianus,
1390 2128 1442 2157 an
1473 2128 1570 2156 casu
1603 2116 1645 2155 et

60 2188 237 2230 fortuito
283 2188 397 2231 idem
439 2188 525 2230 fere
567 2187 679 2229 dicat
716 2192 842 2243 atque
885 2191 1030 2229 auctor
1070 2188 1219 2229 aetatis
1263 2186 1505 2241 superioris.
1552 2183 1644 2239 Ego

62 2263 207 2302 autem
249 2273 324 2315 pro
364 2273 460 2301 mea
500 2258 804 2301 consuetudine
841 2256 1137 2300 tantummodo
1170 2270 1238 2299 eas
1272 2255 1513 2306 ὁμοιότητας
1547 2268 1645 2296 enu-

64 2329 246 2380 merabo,
274 2342 377 2385 quas
410 2329 522 2385 quod
553 2330 681 2371 sciam
713 2344 797 2372 non
829 2327 1112 2371 laudaverunt
1144 2326 1231 2369 alii.

122 2469 235 2521 XIV,
271 2468 310 2520 6,
344 2469 370 2512 8
397 2471 469 2526 qui
496 2473 570 2523 (sc.
600 2469 704 2514 Cato
733 2468 978 2522 Censorius)
1003 2470 1293 2524 interrogatus
1319 2481 1448 2524 quam
1475 2467 1526 2509 ob
1555 2479 1645 2508 rem

60 2542 171 2584 inter
202 2539 363 2583 multos
382 2572 416 2584 ..
437 2573 446 2585 .
479 2544 666 2584 statuam
691 2555 774 2583 non
801 2541 975 2583 haberet
1004 2539 1189 2592 ,‚ma10”,
1217 2540 1371 2595 inquit,
1402 2537 1645 2593 „ambigere

110 2724 145 2766 1)
170 2723 256 2755 Voll.
279 2721 410 2754 48—52
434 2721 530 2761 (Ann.
555 2718 809 2761 1889—1893);
834 2718 907 2751 Vol.
933 2719 973 2750 56
998 2718 1126 2760 (1897);
1152 2718 1224 2751 Vol.
1247 2719 1287 2751 59
1308 2719 1430 2760 (1900).
1455 2718 1545 2750 Adde
1566 2728 1646 2760 quae

63 2778 149 2811 idem
172 2776 301 2820 scripsit
325 2777 416 2808 Neue
439 2774 559 2807 Philol.
584 2774 797 2812 Rundschau3
823 2784 897 2816 pag.
922 2773 1063 2808 70-72,

110 2832 147 2875 2)
170 2832 273 2864 Curae
296 2831 515 2863 Ammianeae.
538 2829 662 2871 Pragae
687 2828 783 2861 1896.

110 2887 142 2928 3)
167 2887 212 2919 Zu
238 2885 428 2919 Ammianus
450 2883 676 2916 Marcellinus.
698 2882 818 2915 Philol.
843 2881 916 2915 Vol.
940 2883 982 2914 64
1006 2893 1077 2925 pag.
1102 2883 1166 2915 310
1192 2894 1261 2926 sqq.

111 2944 144 2983 4)
169 2942 319 2983 Beitriige
343 2951 398 2972 zur
419 2939 577 2972 Kenntnis
600 2939 656 2971 der
678 2940 825 2981 spateren
850 2937 1018 2970 Latinitat.
1044 2938 1229 2970 Stoekholm
1256 2937 1351 2971 1907.

1440 3003 1456 3036 l
