1886 3388
819 228 873 274 31

53 356 165 397 inter
195 366 240 396 se
270 351 601 403 confunduntur,
639 355 734 409 apte
768 351 996 395 contuleris
1027 353 1138 395 infra
1169 350 1281 394 Dial.
1307 351 1363 394 VI
1389 351 1459 402 24,
1479 351 1504 393 5
1537 352 1640 408 effu-

53 429 175 478 qaam·
204 425 249 466 in
280 422 446 465 duobus
479 422 694 465 codicibus
728 427 948 466 exaratum
981 437 1057 479 pro
1089 423 1297 478 offocatur.

115 494 260 536 Etiam
291 494 434 535 minus
467 506 491 535 a
522 493 678 535 tradita
710 492 892 536 lectione
924 493 1181 543 recedemus,
1214 495 1250 535 si
1282 506 1356 549 pro
1389 493 1638 546 imperiatum

52 565 366 621 reposuerimus
400 563 652 617 impudicum
685 563 782 605 freti
815 563 939 621 Verg.
978 565 1082 606 Aen.
1117 563 1157 604 X
1190 562 1278 605 430

297 634 352 676 Et
383 648 474 684 vos,
508 648 531 676 o
565 632 707 676 Graiis
739 634 943 688 inpar-dita
975 647 1161 690 corpora,
1195 633 1358 685 Teucri,

55 706 132 749 ubi
160 705 365 762 Forbiger
391 704 586 747 adnotat:
615 718 719 760 quos
747 703 897 747 Graeci
925 705 976 747 ad
1004 703 1174 746 Troiam
1203 708 1442 760 pugnantes
1469 704 1640 760 perdere

55 790 142 820 non
170 779 415 832 potuerunt.
448 774 534 818 Nos
566 773 731 831 belgice
763 776 1031 831 interpretari
1062 773 1267 817 solemus:
1296 774 1639 830 onverdelgbaar.

119 931 229 974 Dial.
263 931 341 974 VII
373 930 440 983 (de
473 932 564 974 vita
596 931 732 984 beata)
768 930 836 981 15,
857 929 881 972 5
917 934 965 972 ut
996 930 1130 972 bonus
1163 929 1285 972 miles
1319 930 1424 972 feret
1456 929 1642 980 volnera,

59 1002 301 1045 numerabit
347 1002 574 1053 cicatrices,
625 1006 667 1044 et
713 1001 1077 1044 transverberatus
1119 1000 1215 1043 telis
1257 1002 1441 1043 moriens
1485 1001 1645 1042 amabit

60 1086 175 1124 eum,
207 1087 282 1129 pro
317 1086 400 1128 quo
431 1072 564 1123 cadet,
596 1073 918 1128 imperatorem;
953 1072 1126 1114 habebit
1151 1071 1261 1113 illud
1286 1073 1329 1113 in
1357 1072 1498 1113 animo
1522 1075 1646 1114 vetus

60 1147 358 1200 praeceptum:
392 1144 506 1184 deum
537 1158 708 1198 sequere.

121 1213 271 1257 Simile
303 1214 406 1270 quid
436 1213 599 1270 legitur
630 1213 757 1269 Apul.
788 1214 838 1256 de
864 1213 973 1256 Plat.
1002 1213 1043 1255 ΙΙ
1069 1212 1125 1255 23
1153 1212 1322 1265 (Thom.
1351 1226 1448 1269 pag.
1482 1212 1581 1263 127,
1603 1211 1646 1265 7)

60 1286 297 1341 sapientem
323 1286 479 1341 quippe
507 1284 787 1340 pedisequum
815 1288 857 1327 et
881 1286 1144 1326 imitatorem
1171 1283 1238 1326 dei
1265 1283 1446 1325 dicimus
1469 1287 1512 1326 et
1537 1283 1648 1338 sequi

66 1357 328 1399 arbitramur
359 1357 485 1407 deum,
518 1354 563 1397 id
596 1360 659 1397 est
692 1356 807 1397 enim
840 1352 936 1397 ἕπου
970 1357 1040 1408 θεῷ
1062 1353 1108 1407 1).

127 1511 238 1556 Dial.
273 1512 352 1554 VII
392 1511 461 1565 (de
502 1513 594 1555 vita
636 1511 775 1563 beata)
811 1510 924 1562 19,2
968 1510 1018 1553 de
1050 1509 1224 1552 alterius
1256 1511 1358 1562 vita,
1393 1510 1442 1553 de
1474 1509 1650 1553 alterius

68 1588 207 1626 morte
250 1584 481 1640 disputatis
515 1587 558 1625 et
588 1582 639 1624 ad
671 1595 824 1624 nomen
858 1595 1114 1638 magnorum
1147 1582 1198 1623 ob
1229 1580 1415 1636 aliquam
1448 1582 1650 1623 eximiam

66 1654 240 1697 laudem
271 1656 478 1706 virorum,
505 1655 616 1696 sicut
643 1652 694 1695 ad
721 1667 942 1695 occursum
968 1654 1215 1708 ignotorum
1243 1652 1467 1694 hominum
1493 1652 1652 1693 minuti

67 1739 204 1777 canes,
249 1724 416 1768 latratis
429 1739 440 1777 ;
488 1724 658 1780 expedit
705 1725 819 1766 enim
861 1723 983 1766 vobis
1029 1724 1244 1765 neminem
1286 1722 1422 1765 videri
1464 1723 1650 1773 bonum,

67 1798 187 1852 quasi
218 1795 356 1838 aliena
387 1798 526 1838 virtus
559 1794 824 1850 exprobratio
857 1794 1086 1835 delictorum
1116 1793 1284 1834 omnium
1315 1795 1383 1835 sit.

125 1866 266 1924 Vulgo
298 1867 451 1909 edunt:
497 1866 765 1922 exprobratio
798 1864 1050 1907 delictorum
1083 1869 1296 1906 vestrorum
1328 1866 1535 1914 omnium,
1570 1877 1654 1905 rec—

66 1939 154 1980 tius
187 1942 331 1980 tamen
363 1937 489 1979 scribi
523 1937 717 1980 videtur:
752 1937 871 1991 quasi
904 1935 1041 1978 aliena
1072 1937 1208 1978 virtus
1236 1935 1501 1991 exprobratio
1530 1933 1654 1976 delic-

70 2013 214 2051 torum
250 2006 478 2064 <i8torum>
514 2008 710 2050 omnium
741 2008 811 2049 sit.

132 2162 243 2206 Dial.
260 2162 324 2205 IX
340 2162 410 2215 (de
427 2165 563 2219 tranq.
581 2166 666 2214 an.)
684 2161 725 2212 2,
741 2160 796 2203 12
813 2164 913 2202 sunt
930 2161 1042 2203 enim
1062 2159 1268 2216 quaedam
1287 2164 1358 2212 (sc.
1379 2160 1654 2216 voluptates),

71 2248 178 2291 quae
216 2248 367 2290 corpus
409 2248 575 2290 quoque
607 2238 802 2276 nostrum
834 2246 932 2274 cum
964 2231 1148 2287 quodam
1180 2230 1320 2273 dolore
1352 2230 1573 2283 delectent,
1605 2236 1655 2274 ut

73 2318 241 2348 versare
281 2319 324 2347 se
365 2309 407 2347 et
447 2308 613 2347 mutare
656 2303 846 2346 nondum
877 2302 1038 2345 fessum
1067 2301 1194 2353 latus,
1227 2305 1269 2344 et
1302 2301 1386 2344 alio
1419 2307 1544 2358 atque
1575 2302 1657 2345 alio

74 2377 217 2432 positu
241 2374 463 2419 ventilari:
493 2374 630 2431 qualis
657 2373 732 2416 ille
758 2373 1013 2416 Homericus
1039 2371 1226 2414 Achilles
1242 2375 1319 2424 est,
1343 2372 1467 2415 modo
1485 2387 1656 2429 pronus,

76 2446 202 2489 modo
245 2447 437 2502 supinus,
471 2448 515 2488 in
545 2447 684 2488 varios
716 2445 886 2487 habitus
918 2457 962 2486 se
992 2445 1081 2499 ipse
1112 2456 1388 2499 componens,
1423 2444 1534 2499 quod
1566 2458 1660 2500 pro-

77 2518 220 2574 prium
250 2518 369 2574 aegri
399 2520 476 2567 est,
510 2515 622 2558 nihil
655 2516 729 2558 diu
755 2516 844 2571 pati
871 2518 913 2557 et
940 2513 1252 2556 mutationibus
1278 2518 1328 2555 ut
1353 2514 1550 2556 remediis
1578 2515 1657 2556 uti.

77 2586 174 2643 §13
206 2587 304 2630 inde
336 2589 695 2644 peregrinationes
728 2587 1021 2641 suscipiuntur
1052 2597 1186 2640 vagae
1218 2588 1260 2626 et
1292 2584 1334 2625 in
1366 2584 1492 2626 litora
1523 2598 1661 2640 perer-

77 2663 226 2699 rantur
266 2662 309 2699 et
349 2658 475 2700 modo
508 2659 617 2700 mari
648 2671 691 2699 se
723 2656 848 2699 modo
883 2659 994 2697 terra
1025 2656 1242 2710 experitur
1274 2668 1438 2710 semper
1469 2668 1659 2710 praesen-

79 2728 194 2770 tibus
225 2728 378 2770 infesta
409 2727 575 2770 levitas.

141 2797 357 2841 Sinceram
383 2797 609 2841 lectionem
636 2802 741 2855 puto
768 2809 877 2841 esse:
906 2803 949 2839 et
975 2797 1053 2837 iam
1079 2794 1206 2838 litora
1232 2799 1500 2852 pererrantur
1516 2809 1551 2839 e.
1571 2810 1609 2852 q.
1629 2809 1663 2838 S.

131 2995 162 3035 1)
184 2994 232 3027 Cf.
258 3005 340 3037 quae
361 2993 473 3036 scripsi
496 2993 573 3026 Rev.
597 2994 636 3026 de
658 2993 778 3026 l’Instr.
802 2991 892 3035 publ.
918 3002 956 3023 en
984 2990 1152 3034 Belgiquo.
1175 2989 1247 3023 vol.
1269 2989 1295 3022 L
1319 3001 1370 3033 pg.
1395 2990 1458 3023 299
1482 2993 1524 3031 (a.
1551 2990 1665 3031 1908).
