1886 3388
822 242 878 285 35

121 368 184 411 De
214 367 356 410 Benef.
390 366 447 409 VI
480 366 551 418 30,
583 366 610 408 2
642 367 753 419 Quin
786 369 926 424 potius
959 382 1058 411 eum
1091 372 1305 425 potentem
1336 385 1425 415 esse
1457 374 1537 425 vis,
1570 375 1638 416 cui

60 438 299 495 plurimum
330 437 467 488 debes,
499 436 754 493 beatumque?
786 438 888 494 quid
919 440 1033 481 enim
1065 453 1100 482 e.
1119 453 1158 496 q.
1177 454 1209 483 s.

120 509 261 566 Vulgo
294 508 423 551 edunt
457 507 556 565 (et)
595 509 778 561 beatum,
811 509 883 552 sed
915 525 989 566 que
1020 510 1089 554 vel
1118 526 1155 567 q.
1189 515 1284 555 ante
1309 514 1409 569 quid
1433 516 1521 557 sine
1550 514 1638 557 ullo

57 581 229 637 negotio
252 579 442 622 excidere
460 580 623 635 potuit,
642 584 857 635 praeterea
875 580 1094 624 meliorem
1112 581 1348 625 clausulam
1364 583 1637 637 lucrabimur,

58 653 94 694 si
137 652 362 707 beatumque
405 651 713 706 scripserimus.
759 649 955 694 Conferre
996 654 1130 708 possis
1168 652 1230 695 De
1262 653 1405 697 Benef.
1439 655 1517 698 VII
1553 655 1637 707 1‚6

57 721 264 779 quidquid
304 735 379 764 nos
420 720 619 763 meliores
661 722 865 777 beatosqae
906 722 1119 765 facturum
1162 728 1247 774 est;
1282 725 1431 768 Natur.
1468 726 1637 778 Quaest.

56 792 194 835 Praef.
235 793 258 847 ξ
293 790 316 835 7
360 795 461 834 tunc
503 796 847 834 consummatum
889 792 1015 835 habet
1049 794 1290 850 plenumque
1321 796 1482 838 bonum
1513 797 1638 838 sortis

56 863 267 906 humanae
306 866 384 905 cet.
418 861 466 903 In
497 863 746 904 universum
778 863 829 904 cf.
864 876 970 918 quae
1002 863 1218 919 disputavi
1251 879 1377 921 supra
1408 865 1460 908 ad
1493 866 1637 908 Amm.

59 934 192 977 Marc.
227 932 304 975 XV
337 932 380 984 2,
400 932 439 976 ’7.

116 1075 180 1118 De
212 1074 354 1118 Benef.
386 1073 463 1116 VII
496 1073 534 1128 4,
556 1072 581 1115 3
613 1073 737 1116 Fines
769 1074 1096 1118 Atheniensium
1129 1079 1204 1118 aut
1229 1074 1543 1133 Campanorum
1570 1091 1640 1120 vo-

55 1160 214 1197 camus,
258 1159 363 1201 quos
406 1144 553 1187 deinde
584 1145 696 1187 inter
728 1159 770 1187 se
802 1147 934 1188 vicini
966 1147 1134 1202 privata
1164 1149 1462 1190 terminatione
1495 1148 1640 1190 distin-

53 1221 217 1276 guunt;
252 1222 294 1260 et
325 1220 443 1260 totus
474 1229 575 1272 ager
605 1216 741 1272 utique
772 1217 899 1258 ullius
929 1219 990 1260 rei
1023 1217 1216 1274 publicae
1249 1222 1326 1270 est,
1361 1233 1457 1275 pars
1489 1219 1638 1262 deinde

55 1304 130 1333 suo
163 1289 333 1332 domino
366 1301 555 1343 quaeque
587 1291 794 1330 censetur.

52 1400 53 1403 ,
125 1359 265 1416 Utique
306 1358 432 1400 ullius
465 1357 600 1400 editor
631 1362 774 1400 noster
807 1357 954 1401 elicuit
986 1372 1008 1400 e
1040 1358 1157 1401 codd.
1190 1359 1370 1402 lectione
1404 1364 1474 1401 aut
1505 1359 1634 1402 illius.

56 1431 168 1474 Mihi
199 1443 351 1474 verum
382 1427 573 1471 videtur:
608 1431 650 1470 et
681 1432 798 1471 totus
830 1442 932 1485 ager
964 1430 1085 1471 totius
1114 1431 1175 1472 rei
1206 1429 1398 1486 publicae
1431 1434 1517 1482 est,
1543 1444 1639 1486 pars

56 1501 205 1545 deinde
238 1515 315 1543 suo
348 1499 517 1542 domino
549 1512 739 1555 quaeque
771 1504 977 1542 censetur.
1013 1500 1125 1542 Fieri
1156 1504 1300 1543 autem
1327 1504 1466 1557 potest
1492 1504 1542 1543 ut
1568 1505 1640 1542 aut

56 1576 206 1616 natum
240 1572 296 1613 sit
327 1585 378 1613 ex
412 1575 449 1612 to
482 1569 571 1624 (vel
603 1573 671 1622 ot),
705 1569 820 1612 illius
852 1584 953 1614 vero
984 1584 1034 1613 ex
1067 1570 1160 1613 tius.

115 1713 320 1770 Legimus
351 1713 414 1756 De
447 1713 592 1756 Benef.
622 1713 698 1756 VII
731 1712 797 1764 19,
818 1711 842 1754 5
874 1709 1040 1764 „Quid?
1067 1711 1132 1754 si''
1159 1713 1301 1767 inquit
1330 1726 1440 1763 „non
1466 1714 1635 1755 tantum

55 1784 194 1827 malus
235 1785 373 1827 factus
415 1789 490 1836 est,
534 1784 607 1828 sed
648 1785 778 1834 ferus,
821 1783 893 1826 sed
933 1784 1133 1833 inmanis,
1176 1782 1312 1838 qualis
1354 1781 1636 1839 Apollodorus

54 1861 129 1899 aut
161 1855 366 1907 Phalaris,
400 1859 442 1898 et
473 1856 573 1898 huic
606 1855 872 1906 beneficium,
906 1853 1018 1909 quod
1050 1867 1278 1909 acceperas,
1311 1853 1456 1897 reddes
1469 1851 1512 1895 ?'’

115 1926 181 1969 Ad
212 1926 314 1969 haec
341 1927 469 1969 verba
494 1928 703 1968 nimirum
729 1929 919 1982 spectant
945 1925 985 1979 (ξ
1005 1923 1070 1977 7):
1099 1924 1362 1980 Proposuisti
1388 1927 1501 1967 enim
1527 1925 1635 1968 mihi

55 1998 264 2039 Phalarim
296 2001 333 2039 et
365 2002 588 2053 tyrannum,
623 2011 805 2053 quorum
838 1998 873 2038 si
899 2000 1096 2038 naturam
1123 1996 1250 2038 habet
1274 1997 1385 2038 intra
1412 2010 1454 2038 se
1480 1995 1633 2047 malus,

54 2067 203 2124 quidni
231 2081 310 2124 ego
343 2069 417 2111 isti
448 2069 700 2111 beneficium
728 2081 855 2110 suum
881 2066 1065 2118 reddam,
1093 2081 1145 2109 ne
1172 2066 1272 2122 quid
1299 2067 1408 2109 mihi
1435 2081 1531 2109 cum
1558 2066 1634 2109 illo

54 2140 161 2182 iuris
193 2140 250 2182 sit
279 2139 494 2196 amplius?

116 2210 340 2265 Tyrannum
368 2212 427 2253 sic
453 2210 564 2253 nude
592 2211 781 2267 positum
809 2210 881 2252 vix
908 2212 1044 2264 potest
1076 2207 1313 2265 significare
1339 2209 1634 2262 Apollodorum,

56 2282 250 2337 quocirca
292 2281 490 2324 edamus:
534 2281 801 2337 Proposuisti
846 2281 960 2322 enim
992 2279 1101 2321 mihi
1131 2277 1354 2321 Phalarim
1385 2282 1427 2321 et
1462 2278 1642 2336 <Casan-

57 2350 224 2408 dream>
259 2355 504 2408 tyrannum,
539 2365 721 2408 quorum
754 2364 788 2392 e.
808 2364 845 2405 q.
863 2364 895 2392 s.
940 2348 1004 2393 Cf.
1038 2348 1162 2392 Ovid.
1195 2349 1259 2391 Ex
1291 2349 1416 2391 Pont.
1449 2349 1489 2391 II
1523 2348 1563 2400 9,
1583 2349 1638 2392 43

237 2422 331 2466 Non
362 2423 443 2465 tibi
480 2423 725 2464 Casandreus
758 2425 880 2478 pater
911 2425 972 2462 est
1003 2421 1197 2476 gentisve
1228 2420 1439 2463 Pheraeae
1471 2424 1549 2463 cet.

119 2563 182 2606 De
223 2563 366 2606 Benef.
412 2562 490 2606 VII
532 2563 604 2614 20,
634 2563 659 2605 5
704 2562 818 2604 Huic
860 2561 1025 2603 homini
1058 2560 1185 2612 malo,
1219 2575 1344 2617 quem
1375 2562 1567 2604 invenire
1598 2563 1641 2604 in

59 2633 249 2690 quolibet
280 2634 368 2677 foro
401 2648 588 2690 possum,
621 2647 748 2689 quem
781 2631 942 2688 singuli
973 2632 1138 2682 timent,
1172 2631 1344 2674 reddam
1377 2631 1639 2684 beneficium,

58 2704 171 2761 quod
212 2706 365 2761 accepi.
407 2705 501 2748 Non
546 2707 712 2760 oportet
751 2703 859 2744 mihi
891 2703 1126 2757 nequitiam
1155 2703 1245 2744 eius
1277 2702 1473 2758 prodesse
1484 2717 1495 2755 3
1530 2703 1641 2759 quod

59 2789 206 2818 meum
249 2790 330 2818 non
372 2780 448 2827 est,
482 2775 624 2818 redeat
656 2774 707 2817 ad
739 2773 973 2816 dominum.
1009 2772 1152 2815 Bonus
1185 2774 1240 2815 sit
1271 2787 1323 2815 an
1354 2772 1506 2823 malus,
1540 2773 1641 2829 quid

62 2844 298 2905 <attinet>2
349 2845 575 2902 diligenter
625 2844 741 2887 istud
787 2846 1042 2895 excuterem,
1086 2844 1122 2885 si
1163 2857 1245 2886 non
1288 2843 1519 2894 redderem,
1569 2844 1641 2887 sed

62 2916 218 2959 darem.

120 2985 278 3028 Attinet
317 2985 387 3031 vel
427 2985 568 3029 simile
612 2984 714 3041 quid
756 2985 964 3027 omissum
1005 2997 1092 3027 esse
1124 2983 1323 3029 videntur
1354 2984 1640 3028 demonstrare
