1886 3388
578 743 1091 802 PRAEFATIO.

108 1015 199 1058 Iam
240 1015 314 1056 diu
346 1016 508 1056 constat
538 1015 650 1056 inter
681 1015 794 1056 viros
828 1014 971 1057 doctos
1003 1028 1112 1057 nova
1144 1016 1381 1058 recensione
1414 1016 1632 1058 Ammiani

46 1084 286 1128 Marcellini
331 1085 518 1135 „Rerum
556 1083 812 1128 Gestarum''
847 1099 951 1141 opus
985 1100 1085 1128 esse.
1120 1086 1281 1128 Notum
1315 1090 1459 1128 autem
1493 1090 1554 1128 est
1590 1101 1630 1128 v.

49 1157 88 1198 d.
118 1157 260 1213 Upson
288 1154 429 1207 Clark,
459 1158 532 1211 qui
559 1156 607 1198 de
637 1156 861 1206 codicibus,
896 1157 1048 1211 quibus
1080 1157 1298 1199 Ammiani
1330 1158 1507 1200 historia
1539 1172 1632 1199 con-

47 1229 220 1278 tinetur,
264 1227 427 1269 erudite
460 1227 694 1282 disputavit
718 1227 760 1278 ¹),
792 1227 836 1269 id
869 1241 1006 1283 agere,
1041 1232 1090 1269 ut
1122 1228 1249 1270 editio
1282 1242 1357 1270 sua
1389 1227 1632 1270 difficillimi

46 1298 166 1340 illius
197 1312 339 1340 rerum
370 1299 584 1353 scriptoris
617 1311 744 1353 quam
777 1298 1121 1340 emendatissima
1152 1299 1297 1340 futura
1331 1300 1399 1341 sit.

106 1369 216 1411 Item
256 1368 435 1411 Senecae
478 1368 772 1424 Epistularum
815 1368 1063 1419 Moralium,
1108 1383 1367 1425 quamquam
1410 1384 1532 1412 nemo
1571 1372 1633 1411 est

47 1441 148 1496 quin
171 1439 420 1482 confiteatur
437 1439 587 1481 Hensii
606 1439 834 1482 editionem
853 1441 1144 1482 correctiorem
1163 1454 1250 1482 esse
1268 1444 1393 1495 atque
1412 1441 1630 1496 egregiam

47 1509 392 1567 singularemque
418 1511 601 1552 auctoris
629 1512 695 1551 sui
722 1510 958 1552 doctrinam
984 1510 1200 1552 luculente
1229 1510 1458 1562 ostendere,
1488 1516 1631 1553 tamen

48 1595 128 1623 non
173 1582 294 1636 pauci
333 1580 414 1622 loci
458 1584 585 1637 egent
626 1581 929 1623 emendatione.
973 1581 1056 1623 Pro
1099 1583 1204 1623 meis
1246 1582 1409 1623 viribus
1442 1581 1510 1623 hic
1541 1581 1632 1623 11110

48 1655 223 1694 conatus
265 1665 360 1693 sum
400 1652 621 1693 Ammiani
662 1656 704 1693 et
745 1651 923 1694 Senecae
961 1656 1142 1700 textum,
1178 1652 1290 1707 quod
1324 1666 1394 1694 eae
1427 1651 1631 1694 editiones

8 1745 11 1749 ·
47 1723 363 1766 Teubnerianae
404 1723 524 1765 nobis
566 1723 756 1773 offerunt,
799 1724 843 1764 in
875 1725 1094 1779 integrum
1126 1725 1363 1765 restituere.
1393 1722 1630 1765 Nonnullas

48 1795 358 1837 observationes
406 1793 580 1836 alterius
628 1796 808 1850 generis,
857 1799 906 1836 ut
948 1795 1080 1837 facere
1123 1796 1335 1844 consuevi,
1380 1796 1631 1837 coniecturis

47 1866 297 1920 interposui.
341 1864 460 1916 Quod
492 1866 622 1906 etiam
655 1879 787 1920 pauca
818 1865 951 1907 adieci
981 1865 1031 1907 ad
1065 1864 1242 1907 Senecae
1275 1865 1475 1921 Dialogos
1508 1867 1633 1920 perti-

48 1937 191 1978 nentia
231 1936 274 1977 id
317 1935 409 1985 feci,
453 1949 550 1977 cum
588 1949 839 1990 persuasum
871 1935 980 1977 mihi
1013 1937 1069 1977 sit
1100 1950 1235 1992 genus
1269 1936 1431 1978 dicendi
1465 1935 1633 1991 Epistu-

48 2006 187 2048 larum
220 2007 406 2048 maxime
438 2010 670 2062 cognatum
703 2020 791 2048 esse
822 2006 1103 2062 Dialogorum
1136 2008 1289 2048 rationi
1321 2006 1534 2061 loquendi.

109 2077 238 2133 Spero
280 2078 367 2120 fore
410 2081 472 2128 ut,
515 2091 621 2132 quae
664 2078 742 2119 hoc
783 2077 927 2119 libello
970 2077 1131 2133 publici
1163 2079 1268 2119 iuris
1300 2078 1410 2120 facta
1442 2081 1553 2127 sunt,
1587 2091 1633 2118 ea

50 2147 178 2190 Clark
207 2148 350 2191 Hense
381 2148 453 2190 alii
484 2149 528 2189 in
562 2163 689 2192 usum
723 2162 849 2190 suum
882 2152 1122 2190 convertere
1155 2150 1330 2204 possint.

186 2269 312 2300 Dabam

118 2324 230 2365 Hagae
253 2323 389 2355 comitis
1163 2311 1207 2354 O.
1242 2312 1460 2353 BRAKMAN
1493 2312 1572 2354 ,1.11.

104 2389 146 2410 111.
173 2378 277 2422 Aprili
304 2379 399 2411 1909.

100 2928 135 2968 1)
159 2929 209 2960 ef.
235 2929 342 2960 Revue
367 2929 513 2972 critique
540 2931 636 2969 1904,
660 2930 720 2962 N0.
744 2931 797 2968 24,
821 2942 891 2973 pag.
918 2925 1103 2966 474-415.
