<?xml version="1.0" encoding="UTF-8"?>
<!DOCTYPE html PUBLIC "-//W3C//DTD XHTML 1.0 Transitional//EN"
    "http://www.w3.org/TR/xhtml1/DTD/xhtml1-transitional.dtd">
<html xmlns="http://www.w3.org/1999/xhtml" xml:lang="en" lang="en">
 <head>
  <title>
</title>
<meta http-equiv="Content-Type" content="text/html;charset=utf-8" />
  <meta name='ocr-system' content='tesseract 3.04.00' />
  <meta name='ocr-capabilities' content='ocr_page ocr_carea ocr_par ocr_line ocrx_word'/>
</head>
<body>
  <div class='ocr_page' id='page_1' title='image "ammianeaetannaea00brakuoft_0015.png"; bbox 0 0 1886 3388; ppageno 0'>
   <div class='ocr_carea' id='block_1_1' title="bbox 863 214 887 258">
    <p class='ocr_par' dir='ltr' id='par_1_1' title="bbox 863 214 887 258">
     <span class='ocr_line' id='line_1_1' title="bbox 863 214 887 258; baseline 0 0"><span class='ocrx_word' id='word_1_1' title='bbox 863 214 887 258; x_wconf 86' lang='lat'><strong>&#39;7</strong></span> 
     </span>
    </p>
   </div>
   <div class='ocr_carea' id='block_1_2' title="bbox 354 295 1358 395">
    <p class='ocr_par' dir='ltr' id='par_1_2' title="bbox 354 295 1358 395">
     <span class='ocr_line' id='line_1_2' title="bbox 1215 295 1310 327; baseline 0 0"><span class='ocrx_word' id='word_1_2' title='bbox 1215 295 1310 327; x_wconf 78' lang='lat' dir='ltr'><strong>certis</strong></span> 
     </span>
     <span class='ocr_line' id='line_1_3' title="bbox 354 341 1358 395; baseline 0 -11"><span class='ocrx_word' id='word_1_3' title='bbox 354 341 597 385; x_wconf 86' lang='lat' dir='ltr'><strong>rumoribus</strong></span> <span class='ocrx_word' id='word_1_4' title='bbox 628 341 768 385; x_wconf 89' lang='lat' dir='ltr'><strong>densis</strong></span> <span class='ocrx_word' id='word_1_5' title='bbox 799 341 1031 384; x_wconf 89' lang='lat' dir='ltr'><strong>audiuntur</strong></span> <span class='ocrx_word' id='word_1_6' title='bbox 1061 344 1104 384; x_wconf 92' lang='lat' dir='ltr'><strong>et</strong></span> <span class='ocrx_word' id='word_1_7' title='bbox 1137 341 1358 395; x_wconf 73' lang='lat' dir='ltr'><em>conpertis?</em></span> 
     </span>
    </p>
   </div>
   <div class='ocr_carea' id='block_1_3' title="bbox 144 432 1668 489">
    <p class='ocr_par' dir='ltr' id='par_1_3' title="bbox 144 432 1668 489">
     <span class='ocr_line' id='line_1_4' title="bbox 144 432 1668 489; baseline 0 -13"><span class='ocrx_word' id='word_1_8' title='bbox 144 432 215 476; x_wconf 84' lang='lat' dir='ltr'><strong>Sic</strong></span> <span class='ocrx_word' id='word_1_9' title='bbox 246 436 358 476; x_wconf 87' lang='lat' dir='ltr'><strong>certe</strong></span> <span class='ocrx_word' id='word_1_10' title='bbox 390 432 608 486; x_wconf 81' lang='lat' dir='ltr'><strong>discimus,</strong></span> <span class='ocrx_word' id='word_1_11' title='bbox 641 433 848 489; x_wconf 90' lang='lat' dir='ltr'><strong>quomodo</strong></span> <span class='ocrx_word' id='word_1_12' title='bbox 879 433 1068 474; x_wconf 71' lang='lat' dir='ltr'><em>concertis</em></span> <span class='ocrx_word' id='word_1_13' title='bbox 1098 434 1200 475; x_wconf 90' lang='lat' dir='ltr'><strong>oriri</strong></span> <span class='ocrx_word' id='word_1_14' title='bbox 1222 435 1421 489; x_wconf 83' lang='lat' dir='ltr'><strong>potuerit.</strong></span> <span class='ocrx_word' id='word_1_15' title='bbox 1455 435 1668 488; x_wconf 67' lang='lat' dir='ltr'><strong>Conpertus</strong></span> 
     </span>
    </p>
   </div>
   <div class='ocr_carea' id='block_1_4' title="bbox 0 503 1668 562">
    <p class='ocr_par' dir='ltr' id='par_1_4' title="bbox 0 503 1668 562">
     <span class='ocr_line' id='line_1_5' title="bbox 0 503 1668 562; baseline -0.001 -15"><span class='ocrx_word' id='word_1_16' title='bbox 0 558 1 562; x_wconf 10' lang='grc' dir='ltr'><strong>Ἰ</strong></span> <span class='ocrx_word' id='word_1_17' title='bbox 83 505 330 560; x_wconf 81' lang='lat' dir='ltr'>saepissime</span> <span class='ocrx_word' id='word_1_18' title='bbox 371 505 415 546; x_wconf 90' lang='lat' dir='ltr'><strong>in</strong></span> <span class='ocrx_word' id='word_1_19' title='bbox 447 509 618 546; x_wconf 86' lang='lat' dir='ltr'><strong>auctore</strong></span> <span class='ocrx_word' id='word_1_20' title='bbox 649 508 792 546; x_wconf 87' lang='lat' dir='ltr'><strong>nostro</strong></span> <span class='ocrx_word' id='word_1_21' title='bbox 822 503 998 560; x_wconf 82' lang='lat' dir='ltr'><strong>legitur,</strong></span> <span class='ocrx_word' id='word_1_22' title='bbox 1029 504 1245 560; x_wconf 80' lang='lat' dir='ltr'><strong>imprimis</strong></span> <span class='ocrx_word' id='word_1_23' title='bbox 1277 509 1420 547; x_wconf 89' lang='lat' dir='ltr'><strong>autem</strong></span> <span class='ocrx_word' id='word_1_24' title='bbox 1453 505 1536 548; x_wconf 89' lang='lat' dir='ltr'><strong>huc</strong></span> <span class='ocrx_word' id='word_1_25' title='bbox 1567 505 1668 547; x_wconf 87' lang='lat' dir='ltr'><strong>facit</strong></span> 
     </span>
    </p>
   </div>
   <div class='ocr_carea' id='block_1_5' title="bbox 83 573 1257 630">
    <p class='ocr_par' dir='ltr' id='par_1_5' title="bbox 83 573 1257 630">
     <span class='ocr_line' id='line_1_6' title="bbox 83 573 1257 630; baseline 0.001 -14"><span class='ocrx_word' id='word_1_26' title='bbox 83 574 248 628; x_wconf 87' lang='lat' dir='ltr'><strong>(XXXI</strong></span> <span class='ocrx_word' id='word_1_27' title='bbox 285 574 353 625; x_wconf 88' lang='lat'><strong>16,</strong></span> <span class='ocrx_word' id='word_1_28' title='bbox 388 574 432 627; x_wconf 92' lang='grc'><strong>2)</strong></span> <span class='ocrx_word' id='word_1_29' title='bbox 464 579 672 629; x_wconf 66' lang='lat' dir='ltr'><strong>compertae</strong></span> <span class='ocrx_word' id='word_1_30' title='bbox 703 574 799 617; x_wconf 90' lang='lat' dir='ltr'><strong>fidei</strong></span> <span class='ocrx_word' id='word_1_31' title='bbox 829 578 903 627; x_wconf 89' lang='lat' dir='ltr'><strong>(se.</strong></span> <span class='ocrx_word' id='word_1_32' title='bbox 937 573 1257 630; x_wconf 80' lang='lat' dir='ltr'>exploratores).</span> 
     </span>
    </p>
   </div>
   <div class='ocr_carea' id='block_1_6' title="bbox 77 704 1669 1684">
    <p class='ocr_par' dir='ltr' id='par_1_6' title="bbox 81 704 1669 833">
     <span class='ocr_line' id='line_1_7' title="bbox 142 704 1669 764; baseline 0 -16"><span class='ocrx_word' id='word_1_33' title='bbox 142 705 286 748; x_wconf 91' lang='lat' dir='ltr'><strong>XVIII</strong></span> <span class='ocrx_word' id='word_1_34' title='bbox 317 706 385 756; x_wconf 88' lang='lat'><strong>10,</strong></span> <span class='ocrx_word' id='word_1_35' title='bbox 415 706 436 748; x_wconf 88' lang='lat'>1</span> <span class='ocrx_word' id='word_1_36' title='bbox 468 706 585 748; x_wconf 89' lang='lat' dir='ltr'><strong>Haec</strong></span> <span class='ocrx_word' id='word_1_37' title='bbox 612 705 714 748; x_wconf 94' lang='lat' dir='ltr'><strong>dum</strong></span> <span class='ocrx_word' id='word_1_38' title='bbox 742 706 872 762; x_wconf 91' lang='lat' dir='ltr'><strong>primi</strong></span> <span class='ocrx_word' id='word_1_39' title='bbox 894 707 1082 762; x_wconf 88' lang='lat' dir='ltr'><strong>impetus</strong></span> <span class='ocrx_word' id='word_1_40' title='bbox 1102 704 1276 764; x_wconf 77' lang='lat' dir='ltr'><strong>(turbo)</strong></span> <span class='ocrx_word' id='word_1_41' title='bbox 1296 707 1514 750; x_wconf 86' lang='lat' dir='ltr'><strong>conatibus</strong></span> <span class='ocrx_word' id='word_1_42' title='bbox 1531 708 1669 764; x_wconf 83' lang='lat' dir='ltr'><strong>agitat</strong></span> 
     </span>
     <span class='ocr_line' id='line_1_8' title="bbox 81 778 484 833; baseline -0.005 -13"><span class='ocrx_word' id='word_1_43' title='bbox 81 778 306 833; x_wconf 83' lang='lat' dir='ltr'><strong>insperatis</strong></span> <span class='ocrx_word' id='word_1_44' title='bbox 338 791 372 819; x_wconf 92' lang='lat' dir='ltr'><strong>e.</strong></span> <span class='ocrx_word' id='word_1_45' title='bbox 393 790 431 832; x_wconf 92' lang='lat' dir='ltr'><strong>q.</strong></span> <span class='ocrx_word' id='word_1_46' title='bbox 451 791 484 819; x_wconf 91' lang='lat' dir='ltr'><strong>s.</strong></span> 
     </span>
    </p>

    <p class='ocr_par' dir='ltr' id='par_1_7' title="bbox 77 846 1668 1189">
     <span class='ocr_line' id='line_1_9' title="bbox 142 846 1667 904; baseline 0.001 -14"><span class='ocrx_word' id='word_1_47' title='bbox 142 846 307 891; x_wconf 83' lang='lat' dir='ltr'><strong>Gelenii</strong></span> <span class='ocrx_word' id='word_1_48' title='bbox 339 846 686 903; x_wconf 88' lang='lat' dir='ltr'><strong>supplementum</strong></span> <span class='ocrx_word' id='word_1_49' title='bbox 719 847 831 889; x_wconf 90' lang='lat' dir='ltr'><strong>tueri</strong></span> <span class='ocrx_word' id='word_1_50' title='bbox 860 860 1033 902; x_wconf 90' lang='lat' dir='ltr'><strong>possum</strong></span> <span class='ocrx_word' id='word_1_51' title='bbox 1064 847 1178 890; x_wconf 92' lang='lat' dir='ltr'><strong>hisce</strong></span> <span class='ocrx_word' id='word_1_52' title='bbox 1206 847 1411 904; x_wconf 82' lang='lat' dir='ltr'><strong>exemplis</strong></span> <span class='ocrx_word' id='word_1_53' title='bbox 1437 847 1542 890; x_wconf 82' lang='lat' dir='ltr'><strong>XIX</strong></span> <span class='ocrx_word' id='word_1_54' title='bbox 1570 848 1611 899; x_wconf 98' lang='grc'><strong>2,</strong></span> <span class='ocrx_word' id='word_1_55' title='bbox 1641 847 1667 891; x_wconf 90' lang='grc'>6</span> 
     </span>
     <span class='ocr_line' id='line_1_10' title="bbox 80 916 1668 975; baseline 0 -14"><span class='ocrx_word' id='word_1_56' title='bbox 80 917 183 961; x_wconf 88' lang='lat' dir='ltr'><strong>belli</strong></span> <span class='ocrx_word' id='word_1_57' title='bbox 211 918 344 969; x_wconf 73' lang='lat' dir='ltr'><strong>turb03</strong></span> <span class='ocrx_word' id='word_1_58' title='bbox 374 917 524 959; x_wconf 91' lang='lat' dir='ltr'><strong>XXXI</strong></span> <span class='ocrx_word' id='word_1_59' title='bbox 553 917 623 968; x_wconf 89' lang='grc'><strong>16,</strong></span> <span class='ocrx_word' id='word_1_60' title='bbox 652 917 679 960; x_wconf 95' lang='grc'><strong><em>2</em></strong></span> <span class='ocrx_word' id='word_1_61' title='bbox 705 919 817 959; x_wconf 90' lang='lat' dir='ltr'><strong>inter</strong></span> <span class='ocrx_word' id='word_1_62' title='bbox 843 916 1005 960; x_wconf 89' lang='lat' dir='ltr'><strong>medios</strong></span> <span class='ocrx_word' id='word_1_63' title='bbox 1022 919 1304 960; x_wconf 80' lang='lat' dir='ltr'><strong>certaminum</strong></span> <span class='ocrx_word' id='word_1_64' title='bbox 1322 919 1519 968; x_wconf 77' lang='lat' dir='ltr'><strong>turbines;</strong></span> <span class='ocrx_word' id='word_1_65' title='bbox 1538 918 1668 975; x_wconf 90' lang='lat' dir='ltr'><strong>Apul.</strong></span> 
     </span>
     <span class='ocr_line' id='line_1_11' title="bbox 80 987 1668 1044; baseline 0 -12"><span class='ocrx_word' id='word_1_66' title='bbox 80 988 187 1032; x_wconf 88' lang='lat' dir='ltr'><strong>Met.</strong></span> <span class='ocrx_word' id='word_1_67' title='bbox 215 988 278 1030; x_wconf 91' lang='lat' dir='ltr'><strong>IX</strong></span> <span class='ocrx_word' id='word_1_68' title='bbox 304 988 330 1031; x_wconf 89' lang='grc'><strong><em>2</em></strong></span> <span class='ocrx_word' id='word_1_69' title='bbox 360 988 521 1044; x_wconf 83' lang='lat' dir='ltr'><strong>(Helm.</strong></span> <span class='ocrx_word' id='word_1_70' title='bbox 551 988 650 1036; x_wconf 89' lang='grc'><strong><em>204,</em></strong></span> <span class='ocrx_word' id='word_1_71' title='bbox 682 987 727 1038; x_wconf 88' lang='grc'><strong>9)</strong></span> <span class='ocrx_word' id='word_1_72' title='bbox 755 988 888 1030; x_wconf 88' lang='lat' dir='ltr'><strong>subiti</strong></span> <span class='ocrx_word' id='word_1_73' title='bbox 914 987 1092 1043; x_wconf 90' lang='lat' dir='ltr'><strong>periculi</strong></span> <span class='ocrx_word' id='word_1_74' title='bbox 1118 989 1294 1043; x_wconf 74' lang='lat' dir='ltr'><strong>turbine3</strong></span> <span class='ocrx_word' id='word_1_75' title='bbox 1322 989 1464 1033; x_wconf 78' lang='lat' dir='ltr'><strong>Senec.</strong></span> <span class='ocrx_word' id='word_1_76' title='bbox 1483 989 1593 1032; x_wconf 90' lang='lat' dir='ltr'><strong>Dial.</strong></span> <span class='ocrx_word' id='word_1_77' title='bbox 1611 989 1668 1032; x_wconf 88' lang='lat' dir='ltr'><strong>VI</strong></span> 
     </span>
     <span class='ocr_line' id='line_1_12' title="bbox 80 1058 1668 1115; baseline 0.001 -14"><span class='ocrx_word' id='word_1_78' title='bbox 80 1059 150 1112; x_wconf 89' lang='lat' dir='ltr'><strong>(ad</strong></span> <span class='ocrx_word' id='word_1_79' title='bbox 191 1058 344 1111; x_wconf 83' lang='lat' dir='ltr'><strong>Marc.)</strong></span> <span class='ocrx_word' id='word_1_80' title='bbox 390 1058 458 1109; x_wconf 88' lang='lat'><strong>16,</strong></span> <span class='ocrx_word' id='word_1_81' title='bbox 495 1059 519 1101; x_wconf 88' lang='lat'><strong>7</strong></span> <span class='ocrx_word' id='word_1_82' title='bbox 564 1058 750 1115; x_wconf 86' lang='lat' dir='ltr'><strong>agricola</strong></span> <span class='ocrx_word' id='word_1_83' title='bbox 791 1060 950 1102; x_wconf 89' lang='lat' dir='ltr'><strong>eversis</strong></span> <span class='ocrx_word' id='word_1_84' title='bbox 993 1059 1223 1110; x_wconf 88' lang='lat' dir='ltr'><strong>arboribus,</strong></span> <span class='ocrx_word' id='word_1_85' title='bbox 1269 1073 1372 1115; x_wconf 91' lang='lat' dir='ltr'><strong>quas</strong></span> <span class='ocrx_word' id='word_1_86' title='bbox 1409 1065 1483 1103; x_wconf 90' lang='lat' dir='ltr'><strong>aut</strong></span> <span class='ocrx_word' id='word_1_87' title='bbox 1514 1064 1668 1104; x_wconf 85' lang='lat' dir='ltr'><strong>ventus</strong></span> 
     </span>
     <span class='ocr_line' id='line_1_13' title="bbox 77 1128 1667 1189; baseline 0.002 -17"><span class='ocrx_word' id='word_1_88' title='bbox 77 1129 280 1172; x_wconf 80' lang='lat' dir='ltr'><strong>radicitus</strong></span> <span class='ocrx_word' id='word_1_89' title='bbox 297 1128 450 1172; x_wconf 84' lang='lat' dir='ltr'><strong>evolsit</strong></span> <span class='ocrx_word' id='word_1_90' title='bbox 468 1134 542 1172; x_wconf 90' lang='lat' dir='ltr'><strong>aut</strong></span> <span class='ocrx_word' id='word_1_91' title='bbox 557 1134 775 1172; x_wconf 90' lang='lat' dir='ltr'><strong>contortus</strong></span> <span class='ocrx_word' id='word_1_92' title='bbox 794 1131 1011 1186; x_wconf 88' lang='lat' dir='ltr'><strong>repentino</strong></span> <span class='ocrx_word' id='word_1_93' title='bbox 1023 1130 1171 1184; x_wconf 77' lang='lat' dir='ltr'><strong>impetu</strong></span> <span class='ocrx_word' id='word_1_94' title='bbox 1183 1131 1296 1172; x_wconf 77' lang='lat' dir='ltr'><strong>turbo</strong></span> <span class='ocrx_word' id='word_1_95' title='bbox 1310 1133 1541 1189; x_wconf 85' lang='lat' dir='ltr'><strong>praefregit</strong></span> <span class='ocrx_word' id='word_1_96' title='bbox 1552 1146 1667 1188; x_wconf 87' lang='lat' dir='ltr'><strong>e.q.s.</strong></span> 
     </span>
    </p>

    <p class='ocr_par' dir='ltr' id='par_1_8' title="bbox 77 1200 1669 1541">
     <span class='ocr_line' id='line_1_14' title="bbox 138 1200 1668 1257; baseline 0.003 -15"><span class='ocrx_word' id='word_1_97' title='bbox 138 1200 267 1242; x_wconf 90' lang='lat' dir='ltr'><strong>Haud</strong></span> <span class='ocrx_word' id='word_1_98' title='bbox 300 1204 459 1243; x_wconf 88' lang='lat' dir='ltr'><strong>temere</strong></span> <span class='ocrx_word' id='word_1_99' title='bbox 491 1214 593 1257; x_wconf 85' lang='lat' dir='ltr'><strong>ergo</strong></span> <span class='ocrx_word' id='word_1_100' title='bbox 622 1202 814 1257; x_wconf 89' lang='lat' dir='ltr'><strong>requiro:</strong></span> <span class='ocrx_word' id='word_1_101' title='bbox 842 1200 939 1244; x_wconf 85' lang='lat' dir='ltr'><strong>Sen.</strong></span> <span class='ocrx_word' id='word_1_102' title='bbox 967 1201 1044 1257; x_wconf 83' lang='lat' dir='ltr'><strong>Ep.</strong></span> <span class='ocrx_word' id='word_1_103' title='bbox 1075 1200 1146 1252; x_wconf 89' lang='lat'><strong>91,</strong></span> <span class='ocrx_word' id='word_1_104' title='bbox 1176 1201 1231 1244; x_wconf 82' lang='lat'><strong>12</strong></span> <span class='ocrx_word' id='word_1_105' title='bbox 1260 1216 1405 1246; x_wconf 89' lang='lat' dir='ltr'><strong>omnes</strong></span> <span class='ocrx_word' id='word_1_106' title='bbox 1432 1203 1502 1245; x_wconf 90' lang='lat' dir='ltr'><strong>hic</strong></span> <span class='ocrx_word' id='word_1_107' title='bbox 1528 1205 1668 1246; x_wconf 85' lang='lat' dir='ltr'><strong>exitus</strong></span> 
     </span>
     <span class='ocr_line' id='line_1_15' title="bbox 77 1272 1666 1330; baseline 0.002 -16"><span class='ocrx_word' id='word_1_108' title='bbox 77 1276 235 1323; x_wconf 89' lang='lat' dir='ltr'><strong>manet,</strong></span> <span class='ocrx_word' id='word_1_109' title='bbox 280 1273 370 1314; x_wconf 88' lang='lat' dir='ltr'><strong>sive</strong></span> <span class='ocrx_word' id='word_1_110' title='bbox 412 1276 638 1314; x_wconf 85' lang='lat' dir='ltr'><strong>ventorum</strong></span> <span class='ocrx_word' id='word_1_111' title='bbox 680 1273 746 1314; x_wconf 85' lang='lat' dir='ltr'><strong>vis</strong></span> <span class='ocrx_word' id='word_1_112' title='bbox 783 1272 991 1329; x_wconf 88' lang='lat' dir='ltr'><strong>flatusque</strong></span> <span class='ocrx_word' id='word_1_113' title='bbox 1023 1287 1098 1328; x_wconf 90' lang='lat' dir='ltr'><strong>per</strong></span> <span class='ocrx_word' id='word_1_114' title='bbox 1129 1272 1247 1316; x_wconf 90' lang='lat' dir='ltr'><strong>clusa</strong></span> <span class='ocrx_word' id='word_1_115' title='bbox 1278 1273 1456 1317; x_wconf 87' lang='lat' dir='ltr'><strong>violenti</strong></span> <span class='ocrx_word' id='word_1_116' title='bbox 1489 1274 1666 1330; x_wconf 88' lang='lat' dir='ltr'><strong>pondus,</strong></span> 
     </span>
     <span class='ocr_line' id='line_1_16' title="bbox 78 1343 1669 1399; baseline 0.002 -14"><span class='ocrx_word' id='word_1_117' title='bbox 78 1343 157 1385; x_wconf 89' lang='lat' dir='ltr'><strong>sub</strong></span> <span class='ocrx_word' id='word_1_118' title='bbox 185 1357 266 1399; x_wconf 92' lang='lat' dir='ltr'><strong>quo</strong></span> <span class='ocrx_word' id='word_1_119' title='bbox 299 1346 512 1394; x_wconf 87' lang='lat' dir='ltr'><strong>tenentur,</strong></span> <span class='ocrx_word' id='word_1_120' title='bbox 546 1344 821 1395; x_wconf 82' lang='lat' dir='ltr'><strong>excusserint,</strong></span> <span class='ocrx_word' id='word_1_121' title='bbox 855 1345 946 1386; x_wconf 87' lang='lat' dir='ltr'><strong>sive</strong></span> <span class='ocrx_word' id='word_1_122' title='bbox 978 1345 1235 1386; x_wconf 89' lang='lat' dir='ltr'><strong>torrentium</strong></span> <span class='ocrx_word' id='word_1_123' title='bbox 1264 1346 1309 1386; x_wconf 90' lang='lat' dir='ltr'><strong>in</strong></span> <span class='ocrx_word' id='word_1_124' title='bbox 1342 1345 1484 1388; x_wconf 90' lang='lat' dir='ltr'><strong>abdito</strong></span> <span class='ocrx_word' id='word_1_125' title='bbox 1510 1347 1669 1388; x_wconf 88' lang='lat' dir='ltr'><strong>vastior</strong></span> 
     </span>
     <span class='ocr_line' id='line_1_17' title="bbox 80 1412 1667 1473; baseline 0.002 -18"><span class='ocrx_word' id='word_1_126' title='bbox 80 1412 255 1473; x_wconf 76' lang='lat' dir='ltr'><strong>(turbo)</strong></span> <span class='ocrx_word' id='word_1_127' title='bbox 285 1414 495 1456; x_wconf 88' lang='lat' dir='ltr'><strong>obstantia</strong></span> <span class='ocrx_word' id='word_1_128' title='bbox 521 1413 745 1470; x_wconf 86' lang='lat' dir='ltr'><strong>effregerit,</strong></span> <span class='ocrx_word' id='word_1_129' title='bbox 770 1415 860 1457; x_wconf 85' lang='lat' dir='ltr'><strong>sive</strong></span> <span class='ocrx_word' id='word_1_130' title='bbox 877 1414 1148 1458; x_wconf 89' lang='lat' dir='ltr'><strong>flammarum</strong></span> <span class='ocrx_word' id='word_1_131' title='bbox 1166 1415 1369 1458; x_wconf 85' lang='lat' dir='ltr'><strong>violentia</strong></span> <span class='ocrx_word' id='word_1_132' title='bbox 1385 1417 1667 1473; x_wconf 82' lang='lat' dir='ltr'><strong>conpaginem</strong></span> 
     </span>
     <span class='ocr_line' id='line_1_18' title="bbox 79 1484 528 1541; baseline 0 -14"><span class='ocrx_word' id='word_1_133' title='bbox 79 1484 158 1527; x_wconf 86' lang='lat' dir='ltr'><strong>soli</strong></span> <span class='ocrx_word' id='word_1_134' title='bbox 189 1486 350 1541; x_wconf 87' lang='lat' dir='ltr'><strong>ruperit</strong></span> <span class='ocrx_word' id='word_1_135' title='bbox 383 1499 418 1527; x_wconf 91' lang='lat' dir='ltr'><strong>e.</strong></span> <span class='ocrx_word' id='word_1_136' title='bbox 438 1498 476 1540; x_wconf 89' lang='lat' dir='ltr'><strong>q.</strong></span> <span class='ocrx_word' id='word_1_137' title='bbox 496 1499 528 1527; x_wconf 92' lang='lat' dir='ltr'><strong>s.</strong></span> 
     </span>
    </p>

    <p class='ocr_par' dir='ltr' id='par_1_9' title="bbox 77 1554 1666 1684">
     <span class='ocr_line' id='line_1_19' title="bbox 139 1554 1666 1614; baseline 0.001 -16"><span class='ocrx_word' id='word_1_138' title='bbox 139 1554 249 1599; x_wconf 91' lang='lat' dir='ltr'><strong>Cum</strong></span> <span class='ocrx_word' id='word_1_139' title='bbox 280 1556 348 1598; x_wconf 89' lang='lat' dir='ltr'><strong>his</strong></span> <span class='ocrx_word' id='word_1_140' title='bbox 379 1555 558 1611; x_wconf 88' lang='lat' dir='ltr'><strong>denique</strong></span> <span class='ocrx_word' id='word_1_141' title='bbox 589 1555 730 1598; x_wconf 87' lang='lat' dir='ltr'><strong>verbis</strong></span> <span class='ocrx_word' id='word_1_142' title='bbox 763 1558 1033 1611; x_wconf 86' lang='lat' dir='ltr'><strong>comparetur</strong></span> <span class='ocrx_word' id='word_1_143' title='bbox 1063 1556 1158 1601; x_wconf 84' lang='lat' dir='ltr'><strong>Seu.</strong></span> <span class='ocrx_word' id='word_1_144' title='bbox 1191 1557 1270 1614; x_wconf 80' lang='lat' dir='ltr'><strong>Ep.</strong></span> <span class='ocrx_word' id='word_1_145' title='bbox 1305 1556 1375 1609; x_wconf 86' lang='lat'><strong>79,</strong></span> <span class='ocrx_word' id='word_1_146' title='bbox 1407 1557 1429 1600; x_wconf 94' lang='lat'><strong>1</strong></span> <span class='ocrx_word' id='word_1_147' title='bbox 1465 1557 1666 1614; x_wconf 88' lang='lat' dir='ltr'><strong>quicquid</strong></span> 
     </span>
     <span class='ocr_line' id='line_1_20' title="bbox 77 1625 848 1684; baseline -0.001 -15"><span class='ocrx_word' id='word_1_148' title='bbox 77 1625 154 1669; x_wconf 92' lang='lat' dir='ltr'><strong>illo</strong></span> <span class='ocrx_word' id='word_1_149' title='bbox 178 1626 295 1684; x_wconf 71' lang='lat' dir='ltr'><strong>freti</strong></span> <span class='ocrx_word' id='word_1_150' title='bbox 326 1626 482 1668; x_wconf 79' lang='lat' dir='ltr'><strong>turbine</strong></span> <span class='ocrx_word' id='word_1_151' title='bbox 512 1626 736 1682; x_wconf 89' lang='lat' dir='ltr'><strong>abreptum</strong></span> <span class='ocrx_word' id='word_1_152' title='bbox 771 1630 848 1669; x_wconf 90' lang='lat' dir='ltr'><strong>est.</strong></span> 
     </span>
    </p>
   </div>
   <div class='ocr_carea' id='block_1_7' title="bbox 73 1757 1666 2870">
    <p class='ocr_par' dir='ltr' id='par_1_10' title="bbox 73 1757 1665 2167">
     <span class='ocr_line' id='line_1_21' title="bbox 136 1757 1665 1807; baseline 0.002 -7"><span class='ocrx_word' id='word_1_153' title='bbox 136 1757 243 1800; x_wconf 90' lang='lat' dir='ltr'><strong>XIX</strong></span> <span class='ocrx_word' id='word_1_154' title='bbox 271 1757 312 1807; x_wconf 88' lang='grc'><strong>2,</strong></span> <span class='ocrx_word' id='word_1_155' title='bbox 345 1758 399 1800; x_wconf 82' lang='grc'><strong>13</strong></span> <span class='ocrx_word' id='word_1_156' title='bbox 426 1761 491 1800; x_wconf 88' lang='lat' dir='ltr'><strong>tot</strong></span> <span class='ocrx_word' id='word_1_157' title='bbox 518 1759 632 1800; x_wconf 91' lang='lat' dir='ltr'><strong>enim</strong></span> <span class='ocrx_word' id='word_1_158' title='bbox 658 1771 734 1800; x_wconf 93' lang='lat' dir='ltr'><strong>nos</strong></span> <span class='ocrx_word' id='word_1_159' title='bbox 762 1758 1135 1801; x_wconf 86' lang='lat' dir='ltr'><strong>circumstantibus</strong></span> <span class='ocrx_word' id='word_1_160' title='bbox 1162 1758 1286 1801; x_wconf 90' lang='lat' dir='ltr'><strong>malis</strong></span> <span class='ocrx_word' id='word_1_161' title='bbox 1312 1773 1397 1803; x_wconf 91' lang='lat' dir='ltr'><strong>non</strong></span> <span class='ocrx_word' id='word_1_162' title='bbox 1415 1760 1665 1803; x_wconf 89' lang='lat' dir='ltr'><strong>obtinendae</strong></span> 
     </span>
     <span class='ocr_line' id='line_1_22' title="bbox 76 1827 1664 1886; baseline 0.002 -15"><span class='ocrx_word' id='word_1_163' title='bbox 76 1843 202 1872; x_wconf 89' lang='lat' dir='ltr'><strong>causa</strong></span> <span class='ocrx_word' id='word_1_164' title='bbox 243 1827 406 1884; x_wconf 87' lang='lat' dir='ltr'><strong>salutis,</strong></span> <span class='ocrx_word' id='word_1_165' title='bbox 440 1833 491 1871; x_wconf 90' lang='lat' dir='ltr'><strong>ut</strong></span> <span class='ocrx_word' id='word_1_166' title='bbox 522 1828 625 1878; x_wconf 87' lang='lat' dir='ltr'><strong>dixi,</strong></span> <span class='ocrx_word' id='word_1_167' title='bbox 659 1828 733 1870; x_wconf 91' lang='lat' dir='ltr'><strong>sed</strong></span> <span class='ocrx_word' id='word_1_168' title='bbox 766 1828 934 1871; x_wconf 85' lang='lat' dir='ltr'><strong>fortiter</strong></span> <span class='ocrx_word' id='word_1_169' title='bbox 965 1829 1173 1871; x_wconf 87' lang='lat' dir='ltr'><strong>moriendi</strong></span> <span class='ocrx_word' id='word_1_170' title='bbox 1205 1829 1345 1872; x_wconf 92' lang='lat' dir='ltr'><strong>studio</strong></span> <span class='ocrx_word' id='word_1_171' title='bbox 1378 1830 1664 1886; x_wconf 87' lang='lat' dir='ltr'><strong>flagrabamus</strong></span> 
     </span>
     <span class='ocr_line' id='line_1_23' title="bbox 75 1898 1663 1958; baseline 0.001 -15"><span class='ocrx_word' id='word_1_172' title='bbox 75 1904 119 1943; x_wconf 91' lang='lat' dir='ltr'><strong>et</strong></span> <span class='ocrx_word' id='word_1_173' title='bbox 150 1914 174 1943; x_wconf 87' lang='lat' dir='ltr'><strong>a</strong></span> <span class='ocrx_word' id='word_1_174' title='bbox 205 1899 289 1942; x_wconf 89' lang='lat' dir='ltr'><strong>diei</strong></span> <span class='ocrx_word' id='word_1_175' title='bbox 331 1900 538 1955; x_wconf 88' lang='lat' dir='ltr'><strong>principio</strong></span> <span class='ocrx_word' id='word_1_176' title='bbox 580 1898 631 1941; x_wconf 89' lang='lat' dir='ltr'><strong>ad</strong></span> <span class='ocrx_word' id='word_1_177' title='bbox 675 1913 809 1955; x_wconf 88' lang='lat' dir='ltr'><strong>usque</strong></span> <span class='ocrx_word' id='word_1_178' title='bbox 845 1898 986 1942; x_wconf 88' lang='lat' dir='ltr'><strong>lucem</strong></span> <span class='ocrx_word' id='word_1_179' title='bbox 1016 1900 1237 1942; x_wconf 86' lang='lat' dir='ltr'><strong>obscuram</strong></span> <span class='ocrx_word' id='word_1_180' title='bbox 1270 1901 1472 1943; x_wconf 87' lang='lat' dir='ltr'><strong>neutrubi</strong></span> <span class='ocrx_word' id='word_1_181' title='bbox 1503 1901 1663 1958; x_wconf 87' lang='lat' dir='ltr'><strong>proelio</strong></span> 
     </span>
     <span class='ocr_line' id='line_1_24' title="bbox 73 1969 1663 2028; baseline 0.001 -15"><span class='ocrx_word' id='word_1_182' title='bbox 73 1970 282 2013; x_wconf 89' lang='lat' dir='ltr'><strong>inclinato</strong></span> <span class='ocrx_word' id='word_1_183' title='bbox 303 1970 483 2013; x_wconf 87' lang='lat' dir='ltr'><strong>ferocius</strong></span> <span class='ocrx_word' id='word_1_184' title='bbox 510 1983 638 2026; x_wconf 93' lang='lat' dir='ltr'><strong>quam</strong></span> <span class='ocrx_word' id='word_1_185' title='bbox 666 1969 900 2012; x_wconf 89' lang='lat' dir='ltr'><strong>consultius</strong></span> <span class='ocrx_word' id='word_1_186' title='bbox 917 1969 946 2020; x_wconf 90' lang='lat'><strong>¹)</strong></span> <span class='ocrx_word' id='word_1_187' title='bbox 963 1971 1247 2027; x_wconf 85' lang='lat' dir='ltr'><strong>pugnabatur.</strong></span> <span class='ocrx_word' id='word_1_188' title='bbox 1267 1973 1530 2028; x_wconf 84' lang='lat' dir='ltr'><strong>exurgebant</strong></span> <span class='ocrx_word' id='word_1_189' title='bbox 1547 1973 1663 2015; x_wconf 92' lang='lat' dir='ltr'><strong>enim</strong></span> 
     </span>
     <span class='ocr_line' id='line_1_25' title="bbox 78 2040 1662 2100; baseline 0.003 -18"><span class='ocrx_word' id='word_1_190' title='bbox 78 2041 364 2100; x_wconf 64' lang='lat' dir='ltr'><strong>(amentium)</strong></span> <span class='ocrx_word' id='word_1_191' title='bbox 393 2042 730 2096; x_wconf 89' lang='lat' dir='ltr'><strong>terrentiumque</strong></span> <span class='ocrx_word' id='word_1_192' title='bbox 758 2040 974 2092; x_wconf 88' lang='lat' dir='ltr'><strong>clamores,</strong></span> <span class='ocrx_word' id='word_1_193' title='bbox 1003 2046 1054 2084; x_wconf 90' lang='lat' dir='ltr'><strong>ut</strong></span> <span class='ocrx_word' id='word_1_194' title='bbox 1077 2055 1176 2098; x_wconf 90' lang='lat' dir='ltr'><strong>prae</strong></span> <span class='ocrx_word' id='word_1_195' title='bbox 1198 2042 1416 2086; x_wconf 88' lang='lat' dir='ltr'><strong>alacritate</strong></span> <span class='ocrx_word' id='word_1_196' title='bbox 1434 2044 1662 2087; x_wconf 86' lang='lat' dir='ltr'><strong>consistere</strong></span> 
     </span>
     <span class='ocr_line' id='line_1_26' title="bbox 76 2111 919 2167; baseline 0 -13"><span class='ocrx_word' id='word_1_197' title='bbox 76 2113 166 2154; x_wconf 89' lang='lat' dir='ltr'><strong>sine</strong></span> <span class='ocrx_word' id='word_1_198' title='bbox 197 2111 375 2154; x_wconf 90' lang='lat' dir='ltr'><strong>uulnere</strong></span> <span class='ocrx_word' id='word_1_199' title='bbox 408 2113 483 2153; x_wconf 82' lang='lat' dir='ltr'><strong>uix</strong></span> <span class='ocrx_word' id='word_1_200' title='bbox 515 2113 741 2167; x_wconf 88' lang='lat' dir='ltr'><strong>quisquam</strong></span> <span class='ocrx_word' id='word_1_201' title='bbox 772 2113 919 2167; x_wconf 86' lang='lat' dir='ltr'><strong>possit.</strong></span> 
     </span>
    </p>

    <p class='ocr_par' dir='ltr' id='par_1_11' title="bbox 78 2182 1666 2802">
     <span class='ocr_line' id='line_1_27' title="bbox 137 2182 1665 2239; baseline 0.002 -14"><span class='ocrx_word' id='word_1_202' title='bbox 137 2183 248 2225; x_wconf 88' lang='lat' dir='ltr'><strong>Ant-e</strong></span> <span class='ocrx_word' id='word_1_203' title='bbox 275 2183 502 2224; x_wconf 66' lang='lat' dir='ltr'><strong>terrentium</strong></span> <span class='ocrx_word' id='word_1_204' title='bbox 529 2182 646 2225; x_wconf 88' lang='lat' dir='ltr'><strong>aliud</strong></span> <span class='ocrx_word' id='word_1_205' title='bbox 672 2183 946 2239; x_wconf 86' lang='lat' dir='ltr'><strong>participium</strong></span> <span class='ocrx_word' id='word_1_206' title='bbox 973 2197 997 2225; x_wconf 96' lang='lat' dir='ltr'><strong>a</strong></span> <span class='ocrx_word' id='word_1_207' title='bbox 1022 2183 1193 2226; x_wconf 89' lang='lat' dir='ltr'><strong>librario</strong></span> <span class='ocrx_word' id='word_1_208' title='bbox 1210 2186 1559 2239; x_wconf 87' lang='lat' dir='ltr'><strong>praetermissum</strong></span> <span class='ocrx_word' id='word_1_209' title='bbox 1577 2199 1665 2229; x_wconf 87' lang='lat' dir='ltr'><strong>esse</strong></span> 
     </span>
     <span class='ocr_line' id='line_1_28' title="bbox 78 2252 1666 2309; baseline 0.002 -13"><span class='ocrx_word' id='word_1_210' title='bbox 78 2252 208 2296; x_wconf 91' lang='lat' dir='ltr'><strong>multi</strong></span> <span class='ocrx_word' id='word_1_211' title='bbox 250 2252 567 2296; x_wconf 82' lang='lat' dir='ltr'><strong>intellexerunt.</strong></span> <span class='ocrx_word' id='word_1_212' title='bbox 609 2252 655 2295; x_wconf 80' lang='lat' dir='ltr'><strong>Si</strong></span> <span class='ocrx_word' id='word_1_213' title='bbox 695 2254 834 2309; x_wconf 84' lang='lat' dir='ltr'><strong>igitur</strong></span> <span class='ocrx_word' id='word_1_214' title='bbox 875 2258 994 2309; x_wconf 84' lang='lat' dir='ltr'><strong>patet</strong></span> <span class='ocrx_word' id='word_1_215' title='bbox 1035 2254 1265 2296; x_wconf 75' lang='lat' dir='ltr'><strong>terrentium</strong></span> <span class='ocrx_word' id='word_1_216' title='bbox 1297 2255 1461 2298; x_wconf 88' lang='lat' dir='ltr'><strong>dictum</strong></span> <span class='ocrx_word' id='word_1_217' title='bbox 1493 2270 1581 2299; x_wconf 87' lang='lat' dir='ltr'><strong>esse</strong></span> <span class='ocrx_word' id='word_1_218' title='bbox 1615 2256 1666 2299; x_wconf 89' lang='lat' dir='ltr'><strong>de</strong></span> 
     </span>
     <span class='ocr_line' id='line_1_29' title="bbox 78 2323 1664 2383; baseline 0.001 -16"><span class='ocrx_word' id='word_1_219' title='bbox 78 2325 272 2375; x_wconf 86' lang='lat' dir='ltr'><strong>obsessis,</strong></span> <span class='ocrx_word' id='word_1_220' title='bbox 304 2323 576 2366; x_wconf 87' lang='lat' dir='ltr'><strong>inserendum</strong></span> <span class='ocrx_word' id='word_1_221' title='bbox 609 2328 672 2366; x_wconf 91' lang='lat' dir='ltr'><strong>est</strong></span> <span class='ocrx_word' id='word_1_222' title='bbox 702 2324 894 2375; x_wconf 88' lang='lat' dir='ltr'><strong>verbum,</strong></span> <span class='ocrx_word' id='word_1_223' title='bbox 928 2324 1040 2380; x_wconf 92' lang='lat' dir='ltr'><strong>quod</strong></span> <span class='ocrx_word' id='word_1_224' title='bbox 1073 2326 1257 2380; x_wconf 90' lang='lat' dir='ltr'><strong>pertinet</strong></span> <span class='ocrx_word' id='word_1_225' title='bbox 1288 2325 1340 2368; x_wconf 90' lang='lat' dir='ltr'><strong>ad</strong></span> <span class='ocrx_word' id='word_1_226' title='bbox 1371 2331 1664 2383; x_wconf 85' lang='lat' dir='ltr'><strong>oppugnantes</strong></span> 
     </span>
     <span class='ocr_line' id='line_1_30' title="bbox 79 2394 1663 2449; baseline 0.001 -11"><span class='ocrx_word' id='word_1_227' title='bbox 79 2395 149 2439; x_wconf 86' lang='lat' dir='ltr'><strong>vel</strong></span> <span class='ocrx_word' id='word_1_228' title='bbox 175 2394 423 2437; x_wconf 88' lang='lat' dir='ltr'><strong>adorientes.</strong></span> <span class='ocrx_word' id='word_1_229' title='bbox 450 2394 607 2437; x_wconf 90' lang='lat' dir='ltr'><strong>Addidi</strong></span> <span class='ocrx_word' id='word_1_230' title='bbox 634 2400 855 2449; x_wconf 60' lang='lat' dir='ltr'><strong>amentium</strong></span> <span class='ocrx_word' id='word_1_231' title='bbox 882 2394 977 2437; x_wconf 88' lang='lat' dir='ltr'><strong>coll.</strong></span> <span class='ocrx_word' id='word_1_232' title='bbox 1004 2395 1152 2437; x_wconf 89' lang='lat' dir='ltr'><strong>XXIII</strong></span> <span class='ocrx_word' id='word_1_233' title='bbox 1179 2395 1219 2446; x_wconf 94' lang='grc'><strong>2,</strong></span> <span class='ocrx_word' id='word_1_234' title='bbox 1248 2395 1275 2438; x_wconf 93' lang='grc'><strong><em>2</em></strong></span> <span class='ocrx_word' id='word_1_235' title='bbox 1302 2395 1440 2439; x_wconf 90' lang='lat' dir='ltr'><strong>solum</strong></span> <span class='ocrx_word' id='word_1_236' title='bbox 1464 2397 1663 2440; x_wconf 88' lang='lat' dir='ltr'><strong>Arsacem</strong></span> 
     </span>
     <span class='ocr_line' id='line_1_31' title="bbox 78 2464 1663 2523; baseline 0.001 -14"><span class='ocrx_word' id='word_1_237' title='bbox 78 2470 303 2509; x_wconf 85' lang='lat' dir='ltr'><strong>monuerat</strong></span> <span class='ocrx_word' id='word_1_238' title='bbox 342 2466 569 2508; x_wconf 86' lang='lat' dir='ltr'><strong>Armeniae</strong></span> <span class='ocrx_word' id='word_1_239' title='bbox 611 2479 772 2522; x_wconf 88' lang='lat' dir='ltr'><strong>regem,</strong></span> <span class='ocrx_word' id='word_1_240' title='bbox 814 2470 864 2508; x_wconf 89' lang='lat' dir='ltr'><strong>ut</strong></span> <span class='ocrx_word' id='word_1_241' title='bbox 906 2464 1092 2508; x_wconf 88' lang='lat' dir='ltr'><strong>collectis</strong></span> <span class='ocrx_word' id='word_1_242' title='bbox 1134 2467 1265 2523; x_wconf 87' lang='lat' dir='ltr'><strong>copiis</strong></span> <span class='ocrx_word' id='word_1_243' title='bbox 1307 2466 1449 2510; x_wconf 89' lang='lat' dir='ltr'><strong>ualida</strong></span> <span class='ocrx_word' id='word_1_244' title='bbox 1478 2468 1663 2511; x_wconf 89' lang='lat' dir='ltr'><strong>iubenda</strong></span> 
     </span>
     <span class='ocr_line' id='line_1_32' title="bbox 79 2535 1661 2594; baseline 0.001 -14"><span class='ocrx_word' id='word_1_245' title='bbox 79 2538 326 2593; x_wconf 88' lang='lat' dir='ltr'><strong>operiretur,</strong></span> <span class='ocrx_word' id='word_1_246' title='bbox 365 2550 448 2591; x_wconf 88' lang='lat' dir='ltr'><strong>quo</strong></span> <span class='ocrx_word' id='word_1_247' title='bbox 481 2535 683 2586; x_wconf 89' lang='lat' dir='ltr'><strong>tenderet,</strong></span> <span class='ocrx_word' id='word_1_248' title='bbox 718 2535 820 2591; x_wconf 91' lang='lat' dir='ltr'><strong>quid</strong></span> <span class='ocrx_word' id='word_1_249' title='bbox 852 2535 1020 2578; x_wconf 88' lang='lat' dir='ltr'><strong>deberet</strong></span> <span class='ocrx_word' id='word_1_250' title='bbox 1048 2551 1183 2589; x_wconf 72' lang='lat' dir='ltr'><strong>arqere</strong></span> <span class='ocrx_word' id='word_1_251' title='bbox 1209 2551 1384 2593; x_wconf 89' lang='lat' dir='ltr'><strong>propere</strong></span> <span class='ocrx_word' id='word_1_252' title='bbox 1411 2540 1661 2594; x_wconf 85' lang='lat' dir='ltr'><strong>cogniturus</strong></span> 
     </span>
     <span class='ocr_line' id='line_1_33' title="bbox 80 2605 1660 2652; baseline 0.001 -2"><span class='ocrx_word' id='word_1_253' title='bbox 80 2611 158 2650; x_wconf 88' lang='lat' dir='ltr'><strong>cet.</strong></span> <span class='ocrx_word' id='word_1_254' title='bbox 187 2606 473 2650; x_wconf 86' lang='lat' dir='ltr'><strong>Observemus</strong></span> <span class='ocrx_word' id='word_1_255' title='bbox 500 2606 874 2649; x_wconf 82' lang='lat' dir='ltr'><strong>Gardthausenum</strong></span> <span class='ocrx_word' id='word_1_256' title='bbox 900 2621 950 2648; x_wconf 83' lang='lat' dir='ltr'><strong>ex</strong></span> <span class='ocrx_word' id='word_1_257' title='bbox 977 2605 1022 2649; x_wconf 84' lang='lat' dir='ltr'><strong>G.</strong></span> <span class='ocrx_word' id='word_1_258' title='bbox 1041 2606 1088 2648; x_wconf 82' lang='lat' dir='ltr'><strong>F.</strong></span> <span class='ocrx_word' id='word_1_259' title='bbox 1107 2607 1173 2650; x_wconf 91' lang='lat' dir='ltr'><strong>W.</strong></span> <span class='ocrx_word' id='word_1_260' title='bbox 1200 2607 1401 2650; x_wconf 89' lang='lat' dir='ltr'><strong>Muelleri</strong></span> <span class='ocrx_word' id='word_1_261' title='bbox 1423 2611 1660 2652; x_wconf 89' lang='lat' dir='ltr'><strong>coniectura</strong></span> 
     </span>
     <span class='ocr_line' id='line_1_34' title="bbox 79 2677 1661 2730; baseline 0.001 -10"><span class='ocrx_word' id='word_1_262' title='bbox 79 2677 260 2720; x_wconf 89' lang='lat' dir='ltr'><strong>edidisse</strong></span> <span class='ocrx_word' id='word_1_263' title='bbox 301 2677 387 2719; x_wconf 92' lang='lat' dir='ltr'><strong>XX</strong></span> <span class='ocrx_word' id='word_1_264' title='bbox 421 2677 490 2728; x_wconf 91' lang='grc'><strong>11,</strong></span> <span class='ocrx_word' id='word_1_265' title='bbox 526 2677 550 2720; x_wconf 88' lang='grc'>7</span> <span class='ocrx_word' id='word_1_266' title='bbox 593 2678 753 2730; x_wconf 70' lang='lat' dir='ltr'><strong>myebat</strong></span> <span class='ocrx_word' id='word_1_267' title='bbox 794 2678 1012 2720; x_wconf 88' lang='lat' dir='ltr'><strong>moenium</strong></span> <span class='ocrx_word' id='word_1_268' title='bbox 1053 2677 1302 2729; x_wconf 89' lang='lat' dir='ltr'><strong>defensores,</strong></span> <span class='ocrx_word' id='word_1_269' title='bbox 1335 2680 1409 2722; x_wconf 90' lang='lat' dir='ltr'><strong>ubi</strong></span> <span class='ocrx_word' id='word_1_270' title='bbox 1441 2679 1560 2723; x_wconf 87' lang='lat' dir='ltr'><strong>codd.</strong></span> <span class='ocrx_word' id='word_1_271' title='bbox 1593 2695 1661 2724; x_wconf 83' lang='lat' dir='ltr'><strong>ex-</strong></span> 
     </span>
     <span class='ocr_line' id='line_1_35' title="bbox 79 2748 424 2802; baseline -0.003 -11"><span class='ocrx_word' id='word_1_272' title='bbox 79 2748 226 2791; x_wconf 83' lang='lat' dir='ltr'><strong>hibent</strong></span> <span class='ocrx_word' id='word_1_273' title='bbox 257 2749 424 2802; x_wconf 71' lang='lat' dir='ltr'><strong>eoqebat.</strong></span> 
     </span>
    </p>

    <p class='ocr_par' dir='ltr' id='par_1_12' title="bbox 139 2817 1656 2870">
     <span class='ocr_line' id='line_1_36' title="bbox 139 2817 1656 2870; baseline 0.003 -10"><span class='ocrx_word' id='word_1_274' title='bbox 139 2818 259 2860; x_wconf 92' lang='lat' dir='ltr'><strong>Idem</strong></span> <span class='ocrx_word' id='word_1_275' title='bbox 290 2818 471 2861; x_wconf 80' lang='lat' dir='ltr'><strong>verbum</strong></span> <span class='ocrx_word' id='word_1_276' title='bbox 503 2832 651 2861; x_wconf 84' lang='lat' dir='ltr'><strong>revoco</strong></span> <span class='ocrx_word' id='word_1_277' title='bbox 682 2818 790 2861; x_wconf 87' lang='lat' dir='ltr'><strong>infra</strong></span> <span class='ocrx_word' id='word_1_278' title='bbox 821 2817 927 2861; x_wconf 91' lang='lat' dir='ltr'><strong>XIX</strong></span> <span class='ocrx_word' id='word_1_279' title='bbox 960 2817 1000 2870; x_wconf 85' lang='lat'><strong>6,</strong></span> <span class='ocrx_word' id='word_1_280' title='bbox 1034 2817 1060 2861; x_wconf 89' lang='grc'>8</span> <span class='ocrx_word' id='word_1_281' title='bbox 1092 2833 1243 2862; x_wconf 89' lang='lat' dir='ltr'><strong>uerum</strong></span> <span class='ocrx_word' id='word_1_282' title='bbox 1275 2820 1419 2864; x_wconf 89' lang='lat' dir='ltr'><strong>audito</strong></span> <span class='ocrx_word' id='word_1_283' title='bbox 1443 2820 1544 2864; x_wconf 89' lang='lat' dir='ltr'><strong>licet</strong></span> <span class='ocrx_word' id='word_1_284' title='bbox 1569 2820 1656 2864; x_wconf 90' lang='lat' dir='ltr'><strong>leui</strong></span> 
     </span>
    </p>
   </div>
   <div class='ocr_carea' id='block_1_8' title="bbox 85 2909 341 2916">
    <p class='ocr_par' dir='ltr' id='par_1_13' title="bbox 85 2909 341 2916">
     <span class='ocr_line' id='line_1_37' title="bbox 85 2909 341 2916; baseline 0 472"><span class='ocrx_word' id='word_1_285' title='bbox 85 2909 341 2916; x_wconf 95' lang='lat' dir='ltr'><strong> </strong></span> 
     </span>
    </p>
   </div>
   <div class='ocr_carea' id='block_1_9' title="bbox 129 2959 1400 3002">
    <p class='ocr_par' dir='ltr' id='par_1_14' title="bbox 129 2959 1400 3002">
     <span class='ocr_line' id='line_1_38' title="bbox 129 2959 1400 3002; baseline 0.002 -11"><span class='ocrx_word' id='word_1_286' title='bbox 129 2960 164 3002; x_wconf 91' lang='lat'><strong>1)</strong></span> <span class='ocrx_word' id='word_1_287' title='bbox 188 2959 290 2991; x_wconf 74' lang='lat' dir='ltr'><strong>verba</strong></span> <span class='ocrx_word' id='word_1_288' title='bbox 305 2959 452 3001; x_wconf 73' lang='lat' dir='ltr'><strong>ferocius</strong></span> <span class='ocrx_word' id='word_1_289' title='bbox 476 2970 566 3002; x_wconf 83' lang='lat' dir='ltr'><strong>quam</strong></span> <span class='ocrx_word' id='word_1_290' title='bbox 587 2959 761 2992; x_wconf 70' lang='lat' dir='ltr'><strong>consultius</strong></span> <span class='ocrx_word' id='word_1_291' title='bbox 785 2959 936 3002; x_wconf 83' lang='lat' dir='ltr'><strong>leguntur</strong></span> <span class='ocrx_word' id='word_1_292' title='bbox 959 2959 1057 2993; x_wconf 79' lang='lat' dir='ltr'><strong>otiam</strong></span> <span class='ocrx_word' id='word_1_293' title='bbox 1079 2960 1149 2993; x_wconf 86' lang='lat' dir='ltr'><strong>Liv.</strong></span> <span class='ocrx_word' id='word_1_294' title='bbox 1174 2960 1266 2994; x_wconf 81' lang='lat' dir='ltr'><strong>xxn</strong></span> <span class='ocrx_word' id='word_1_295' title='bbox 1290 2962 1344 3000; x_wconf 81' lang='lat'><strong>24,</strong></span> <span class='ocrx_word' id='word_1_296' title='bbox 1369 2962 1400 2994; x_wconf 85' lang='lat'><strong>3.</strong></span> 
     </span>
    </p>
   </div>
  </div>
 </body>
</html>
