1886 3388
851 248 908 294 27

141 367 353 412 Similiter
394 369 531 412 scribo
562 370 674 412 infra
706 370 784 426 Ep.
822 370 922 421 102,
956 371 1013 414 26
1048 386 1100 414 ex
1132 375 1426 414 maternorum
1460 374 1673 415 viscerum

79 438 215 482 calido
257 439 466 496 mollique
506 441 694 484 fomento
729 443 935 485 emissum
967 443 1142 486 adflavit
1174 456 1276 485 aura
1307 442 1491 495 liberior,
1525 443 1673 486 deinde

78 509 249 553 offendit
276 509 406 553 durae
435 525 586 553 manus
613 515 765 562 tactus,
796 517 996 569 tenerque
1025 513 1162 556 adhuc
1191 518 1234 555 et
1258 512 1420 555 nullius
1436 516 1496 556 rei
1512 528 1671 571 gnarus

77 580 322 637 obstipuisti
348 582 459 624 inter
483 583 656 638 ignota:
691 584 731 637 (ξ
749 582 824 634 27)
852 598 965 626 nunc
991 584 1071 626 tibi
1097 598 1179 626 non
1209 588 1272 626 est
1298 598 1458 627 novum
1486 587 1671 641 separari

78 650 128 692 ab
160 664 223 701 eo,
257 652 379 693 cuius
411 655 508 694 ante
540 665 635 708 pars
669 653 822 697 fueris:
857 668 992 710 aequo
1025 655 1166 696 animo
1193 654 1385 696 membra
1411 656 1498 697 iam
1527 670 1673 711 super-

77 734 212 764 vacua
244 721 416 764 dimitte
448 726 491 765 et
521 724 632 765 istuc
665 738 817 780 corpus
848 724 1137 767 inhabitatum
1171 724 1244 766 diu
1277 737 1408 780 pone:
1437 726 1664 778 scindetur,

77 792 293 844 obruetur,
336 792 586 836 abolebitur.
631 794 733 850 quid
775 793 1068 837 contristaris?
1108 797 1170 838 ita
1202 794 1310 838 solet
1341 795 1452 838 fieri:
1485 801 1664 852 pereunt

75 862 230 904 scilieet
250 862 280 916 ¹)
311 863 554 907 velamenta
585 867 864 907 nascentium.

135 933 219 976 Hic
260 935 452 991 primum
494 936 538 977 in
580 934 670 978 cod.
713 935 811 987 fuit,
849 940 898 978 ut
931 937 1089 992 opinor,
1122 951 1163 978 sc
1195 935 1343 979 deinde
1374 952 1416 979 se
1447 941 1542 993 post
1573 953 1662 992 sepe

74 1007 248 1061 (saepe).

133 1125 213 1181 Ep.
242 1125 314 1176 99,
347 1126 400 1168 10
430 1125 531 1176 „sed
559 1140 665 1182 puer
693 1126 911 1170 decessit”.
948 1127 1137 1170 nondum
1165 1127 1257 1170 dico
1284 1128 1439 1171 melius
1467 1130 1538 1186 agi
1564 1143 1662 1172 cum

72 1210 135 1248 eo,
164 1198 237 1252 qui
263 1194 435 1254 (puer)
456 1199 545 1240 vita
563 1196 835 1254 defungitur:
853 1198 905 1241 ad
924 1213 1025 1241 eum
1043 1202 1320 1250 transeamus,
1339 1201 1413 1256 qui
1429 1202 1661 1243 consenuit.

129 1266 489 1325 Supplementum
523 1282 670 1311 meum
704 1273 851 1312 tuetur
883 1269 1026 1312 Plaut.
1061 1269 1213 1312 Bacch.
1247 1269 1335 1312 816

853 1349 989 1402 Quem
1023 1349 1066 1392 di
1099 1350 1289 1407 diligunt

339 1421 581 1462 Adulescens
612 1420 791 1472 moritur,
828 1421 932 1464 dum
964 1420 1080 1464 ualet
1112 1423 1242 1464 sentit
1274 1423 1398 1478 sapit.

73 1499 298 1543 Menandri
325 1514 492 1557 quoque
519 1500 818 1544 celeberrimus
845 1516 992 1545 versus
1020 1501 1218 1545 afferatur
1247 1500 1287 1544 ὃν
1315 1503 1349 1544 οἱ
1377 1502 1451 1544 θεοὶ
1471 1506 1659 1555 φιλοῦσιν

72 1571 315 1626 ἀποθνῄσκει
350 1571 445 1620 νέος.

130 1702 208 1759 ΕΡ.
243 1703 342 1754 101,
378 1703 405 1745 4
437 1718 460 1747 o
492 1706 651 1760 quanta
682 1703 896 1746 dementia
930 1707 994 1746 est
1024 1719 1112 1758 spes
1145 1704 1286 1757 lonqas
1314 1704 1595 1748 inchoantium.

129 1773 213 1817 Hic
230 1778 392 1817 constat
410 1774 614 1817 Senecam
633 1774 871 1830 significare
888 1774 1059 1818 Horatii
1077 1789 1249 1818 versum
1267 1774 1425 1828 (Carm.
1444 1775 1476 1826 Ι,
1496 1776 1535 1827 4,
1557 1776 1653 1829 15>2

218 1854 340 1898 Vitae
371 1870 541 1898 summa
572 1856 715 1899 brevis
747 1870 852 1910 spem
883 1870 958 1898 nos
992 1859 1111 1899 vetat
1142 1856 1324 1898 ineolcare
1353 1857 1519 1910 Zonqam.

125 1986 204 2043 Ep.
239 1986 338 2038 113,
372 1986 430 2029 24
474 2001 584 2038 „non
626 1986 771 2041 sunt'',
814 1988 967 2042 iuquit,
1013 1988 1224 2037 „virtutes
1266 1986 1406 2030 multa
1438 1987 1653 2038 animalia,

65 2060 108 2100 et
149 2060 292 2100 tamen
334 2057 535 2100 animalia
577 2061 690 2100 sunt.
734 2071 833 2100 nam
877 2056 1239 2112 quemadmodum
1271 2056 1425 2113 aliquis
1457 2063 1499 2100 et
1530 2062 1653 2114 poeta

64 2132 128 2171 est
170 2132 212 2171 et
253 2132 405 2179 orator,
449 2133 491 2172 et
529 2132 673 2171 tamen
705 2142 830 2179 unus,
864 2129 922 2170 sic
952 2129 1136 2170 virtutes
1166 2129 1272 2170 istae
1303 2128 1507 2171 animalia
1538 2132 1652 2180 sunt,

65 2198 138 2242 sed
174 2198 313 2241 multa
344 2214 428 2242 non
461 2203 574 2243 sunt.
607 2199 722 2241 idem
754 2202 819 2241 est
850 2199 1019 2240 animus
1053 2200 1113 2252 [et
1145 2199 1332 2252 animus]
1366 2203 1408 2241 et
1438 2200 1578 2241 iustus
1611 2204 1652 2242 et

63 2270 247 2327 prudens
278 2274 320 2313 et
350 2270 488 2321 fortis,
522 2270 574 2313 ad
606 2269 799 2326 singulas
832 2271 1014 2313 virtutes
1042 2268 1354 2326 quodammodo
1381 2285 1424 2313 se
1450 2270 1653 2313 habens''.

66 2340 234 2384 sublata
269 2338 598 2397 (controversia)
633 2341 834 2383 convenit
864 2341 1000 2382 nobis.

127 2411 222 2467 Ipse
248 2411 405 2454 Seneca
431 2412 578 2454 scribit
604 2411 683 2467 Ep.
717 2410 814 2462 119,
845 2409 872 2453 8
901 2412 989 2453 sine
1016 2411 1282 2453 controversia
1300 2411 1334 2463 ²)
1362 2415 1404 2454 et
1431 2411 1481 2454 de
1508 2411 1652 2454 Benef.

63 2481 126 2524 III
159 2481 199 2533 ’7,
220 2481 244 2525 ’7
285 2482 554 2524 controversia
594 2481 765 2532 tollitur,
809 2484 852 2524 at
884 2479 1028 2524 Cicero
1060 2481 1171 2523 Phil.
1207 2481 1247 2532 9,
1283 2481 1334 2524 11
1370 2496 1505 2538 neque
1536 2483 1657 2523 insti-

64 2556 184 2595 tuere
223 2551 372 2594 litium
410 2553 595 2594 actiones
627 2551 812 2594 malebat
844 2564 972 2607 quam
1004 2552 1289 2593 controversias
1322 2552 1473 2594 tollere.
1507 2551 1654 2607 Itaque

63 2623 165 2666 haec
195 2622 390 2679 exempla
422 2624 523 2665 satis
556 2626 732 2665 tuentur
764 2621 1110 2678 supplementum
1143 2636 1304 2665 meum.

123 2743 201 2800 ΕΡ.
239 2743 337 2795 122,
374 2744 395 2785 1
424 2743 743 2786 Detrimentum
770 2744 856 2785 iam
884 2742 972 2785 dies
999 2744 1142 2786 sensit.
1172 2742 1339 2785 resiluit
1365 2742 1646 2798 aliquantum,

59 2816 121 2857 ita
164 2818 307 2857 tamen
347 2818 397 2856 ut
437 2813 611 2857 liberale
643 2813 780 2856 adhuc
812 2815 1000 2870 spatium
1033 2815 1102 2865 sit,
1137 2815 1172 2856 si
1205 2815 1298 2869 quis
1330 2827 1429 2856 cum
1459 2815 1565 2869 ipso,
1597 2818 1647 2856 ut

118 2957 144 2995 1)
168 2954 375 2995 Kronenberg
399 2954 526 2986 mavult
548 2964 655 2995 nempe
678 2953 794 2993 (Class.
819 2953 933 2995 Quart.
958 2954 974 2985 Ι
998 2964 1070 2996 pag.
1096 2954 1184 2993 209).

111 3009 144 3050 2)
169 3009 218 3042 cf.
241 3008 338 3042 etiam
361 3008 450 3042 Dial.
474 3008 502 3039 V
525 3008 576 3050 (de
597 3008 644 3040 ira
664 3008 722 3041 lib.
743 3009 778 3051 3)
800 3009 852 3048 14,
872 3009 891 3040 3
910 3008 1151 3041 controversiam
1173 3007 1224 3040 illi
1236 3009 1341 3041 fucere
1355 3009 1392 3041 de
1405 3009 1510 3051 gloria
1524 3010 1651 3043 debuit.
