1886 3388
778 708 1305 770 COROLLARIUM.

306 978 368 1021 De
411 979 556 1022 Benef.
598 979 618 1021 Ι
664 980 701 1032 1,
733 979 754 1021 1
796 979 912 1022 Inter
947 979 1108 1023 multos
1141 994 1187 1023 ac
1218 981 1358 1023 varios
1391 994 1548 1023 errores
1582 985 1741 1023 temere
1773 982 1836 1023 in-

245 1049 519 1106 consulteque
556 1052 799 1094 viventium
831 1050 940 1093 nihil
971 1051 1295 1108 propemodum,
1323 1052 1391 1094 vir
1419 1053 1582 1107 optime
1614 1051 1835 1104 Liberalis,

246 1120 428 1163 dixerim
474 1119 708 1177 <volqarius
749 1123 894 1182 quam>
940 1122 1051 1178 quod
1092 1122 1292 1165 beneficia
1333 1137 1408 1165 nec
1441 1122 1538 1165 dare
1570 1124 1727 1166 scimus
1760 1136 1836 1166 nec

245 1193 431 1249 accipere
453 1193 498 1244 ¹).

305 1263 425 1316 Quod
464 1263 675 1321 supplevi,
719 1279 821 1308 usus
862 1266 1115 1308 Annaeanus
1157 1266 1279 1308 enixe
1321 1264 1514 1322 flagitare
1555 1264 1742 1316 videtur,
1785 1268 1834 1307 ut

243 1339 418 1391 apparet
458 1349 508 1378 ex
550 1335 612 1378 De
655 1335 798 1379 Benef.
842 1335 920 1378 VII
962 1335 1034 1388 27,
1054 1336 1094 1379 3.
1137 1336 1214 1379 Est
1254 1337 1364 1378 istuc
1401 1350 1532 1392 grave
1564 1337 1738 1387 vitium,
1771 1339 1834 1378 est

242 1406 512 1449 intolerabile
555 1411 598 1449 et
641 1407 752 1463 quod
794 1407 990 1450 dissociet
1032 1408 1239 1458 homines,
1286 1407 1399 1464 quod
1437 1407 1717 1458 concordiam,
1751 1420 1834 1464 qua

241 1477 497 1520 inbecillitas
530 1482 673 1521 nostra
701 1478 892 1530 fulcitur,
922 1479 1084 1522 scindat
1111 1494 1158 1522 ac
1185 1479 1388 1535 dissupet,
1419 1479 1489 1521 sed
1516 1493 1650 1535 usque
1678 1493 1727 1521 eo
1755 1479 1834 1521 vol-

241 1564 335 1602 qare
366 1554 436 1601 est,
470 1554 520 1591 ut
552 1549 662 1592 illud
694 1565 745 1592 ne
778 1552 851 1606 qui
882 1552 1076 1607 queritur
1108 1550 1280 1607 quidem
1312 1550 1509 1607 effugerit
1519 1564 1529 1602 ς
1563 1549 1833 1600 Ibid.112,2

243 1620 337 1663 leve
370 1625 412 1663 et
443 1621 603 1674 volyaw
634 1621 910 1673 beneficium3
945 1621 1052 1664 Ibid.
1085 1621 1146 1664 III
1174 1621 1245 1673 23,
1266 1621 1314 1673 3;
1343 1621 1405 1663 III
1435 1620 1505 1672 33,
1526 1620 1576 1674 33
1605 1620 1661 1663 VI
1688 1620 1759 1672 34,
1779 1619 1805 1663 3
1821 1633 1831 1671 ;

243 1691 319 1733 VII
355 1690 494 1744 17,1;
528 1691 590 1734 De
624 1691 835 1736 Clement.
869 1692 889 1734 I
921 1692 962 1744 2,
983 1693 1010 1735 2
1043 1696 1109 1735 cet
1128 1691 1175 1746 2).

301 1763 419 1806 Idem
450 1765 588 1820 igitur
619 1764 879 1807 adiectivum
911 1768 1022 1807 recte
1049 1764 1200 1807 addere
1226 1763 1362 1807 solent
1389 1763 1569 1806 editores
1596 1762 1658 1805 De
1686 1762 1829 1806 Benef.

242 1832 260 1875 Ι
297 1834 365 1884 14,
402 1835 422 1877 1
460 1834 579 1887 Quod
609 1834 726 1878 voles
757 1839 932 1891 gratum
964 1849 1065 1887 esse,
1101 1849 1246 1878 rarum
1274 1835 1412 1877 effice:
1441 1837 1536 1891 quis
1560 1835 1724 1891 patitur
1750 1835 1831 1877 sibi

240 1906 430 1962 inputari
461 1904 673 1960 volyarz'a?

301 2037 364 2080 De
392 2037 533 2080 Benef.
563 2037 619 2080 IV
648 2038 718 2090 12,
738 2038 763 2080 5
796 2038 844 2080 111
872 2038 975 2095 quid
1001 2038 1188 2081 mundus
1215 2039 1327 2081 vices
1353 2052 1450 2081 suas
1476 2036 1627 2080 solvit?
1653 2039 1696 2080 in
1726 2037 1829 2094 quid

240 2107 303 2150 sol
344 2108 457 2151 diem
500 2109 689 2151 extendit
722 2113 763 2152 et
795 2108 1030 2152 contrahit?
1063 2111 1206 2152 omnia
1231 2110 1314 2152 ista
1343 2108 1545 2152 beneficia
1575 2111 1688 2160 sunt,
1721 2107 1831 2151 fiunt

240 2180 354 2221 enim
387 2180 506 2222 nobis
537 2180 773 2236 profutura.

300 2250 382 2293 Pro
413 2251 545 2302 solvit,
580 2252 692 2307 quod
724 2251 886 2295 Hosius
918 2253 1090 2308 recepit,
1124 2253 1326 2308 primaria
1358 2251 1483 2294 lectio
1515 2251 1669 2294 codicis
1701 2251 1741 2294 N
1765 2255 1830 2294 est

238 2322 355 2363 souit.
390 2321 593 2374 Quocirca
624 2323 913 2379 reponendum
944 2323 1138 2366 videtur:
1172 2323 1222 2364 In
1249 2322 1350 2379 quid
1377 2322 1564 2365 mundus
1591 2323 1704 2365 vices
1731 2335 1829 2364 suas

231 2391 377 2448 fovet?
421 2392 483 2436 Cf.
528 2393 589 2436 De
631 2394 774 2437 Benef.
816 2394 873 2436 IV
908 2394 976 2445 15,
1005 2394 1032 2435 4
1074 2394 1260 2450 adeoque
1304 2393 1356 2436 ad
1400 2393 1601 2436 beneficia
1637 2407 1711 2436 nos
1744 2408 1828 2436 non

239 2463 409 2519 inpellit
450 2464 632 2515 utilitas,
676 2469 726 2507 ut
766 2464 940 2508 inutilia
984 2465 1088 2507 tueri
1127 2480 1173 2506 ao
1204 2466 1352 2521 fovere
1390 2478 1706 2520 perseveremus
1739 2463 1829 2507 sola

241 2534 438 2576 beneficia
468 2537 662 2587 caritate3
698 2535 805 2578 Ibid.
839 2535 917 2578 VII
949 2535 1019 2587 29,
1040 2537 1065 2577 2
1099 2535 1315 2588 Quaedam
1347 2537 1520 2577 nomina
1549 2535 1656 2578 bona
1687 2534 1829 2577 lentus

240 2609 282 2647 et
314 2607 481 2661 sapiens
514 2606 694 2649 creditor
725 2607 839 2657 fecit,
873 2608 947 2662 qui
979 2609 1186 2650 sustinuit
1218 2621 1264 2649 ac
1297 2620 1416 2649 mora
1439 2606 1557 2663 fovit
1589 2610 1667 2649 cet.

287 2737 317 2776 1)
342 2736 477 2769 'Festum
503 2737 576 2768 dedi
600 2737 775 2769 secundum
801 2737 948 2769 Hosium.

286 2791 318 2831 2)
342 2792 548 2834 Kronenberg
572 2792 707 2824 inseruit
730 2793 937 2824 vehementius
961 2804 1058 2835 quam
1083 2793 1148 2835 (Cl.
1174 2792 1289 2835 Quart.
1312 2792 1382 2824 Vol.
1403 2793 1418 2824 I
1437 2803 1510 2834 pag.
1531 2792 1625 2832 284);
1648 2796 1683 2824 at
1703 2791 1826 2824 tradita

241 2846 337 2877 verba
360 2858 460 2889 nuper
483 2847 651 2879 defendere
675 2852 808 2879 conatus
833 2852 881 2879 est
904 2848 935 2880 J.
963 2848 1052 2880 Buck
1077 2848 1219 2888 (Seneca,
1244 2848 1290 2879 De
1311 2847 1480 2879 Beneficiis
1502 2847 1567 2878 und
1587 2847 1625 2879 de
1645 2846 1825 2879 Clementia

242 2901 273 2931 in
305 2901 360 2932 der
392 2901 674 2944 Ueberlieserung3
700 2902 867 2944 Tiibingen
893 2902 991 2941 1908,
1014 2914 1086 2945 pag.
1110 2903 1164 2942 42)
1188 2903 1277 2934 euius
1303 2902 1436 2934 rationis
1460 2902 1672 2944 aequissimus
1696 2906 1728 2933 et
1751 2912 1826 2944 pru·

241 2955 447 2987 dentissimus
478 2956 572 2988 iudex
598 2957 723 2989 exstitit
747 2957 927 2989 Gemollius
951 2958 1004 2996 (cf.
1032 2958 1255 2990 Wochenschr.
1284 2959 1305 2989 f.
1330 2957 1374 2990 kl.
1398 2957 1484 2989 Phil.
1511 2957 1595 2989 1909
1622 2956 1661 2989 N.
1687 2957 1725 2988 11
1753 2967 1825 2999 pag.

241 3010 440 3051 295—296).
