1886 3388
1030 232 1088 277 32

328 357 441 401 Dial.
483 357 546 400 IX
586 356 654 410 (de
695 359 829 411 tranq.
871 358 956 408 an.)
991 354 1106 405 11‚9
1150 369 1242 398 sero
1281 356 1450 398 animus
1481 355 1532 399 ad
1564 355 1852 413 periculorum

269 430 520 485 patientiam
552 431 649 483 post
680 424 868 483 pericula
898 427 1141 467 instruitur.

330 499 440 543 Cum
482 499 550 542 his
594 498 733 540 verbis
765 511 845 538 non
880 497 1022 552 inepte
1053 498 1339 552 composueris
1372 496 1494 541 Ovid.
1526 497 1652 540 Trist.
1684 497 1704 540 I
1738 497 1778 550 3,
1798 497 1854 541 35

269 586 359 614 sero
392 570 577 626 clipeum
611 571 707 625 post
737 566 915 609 vulnera
949 581 1086 610 sumo.

328 641 526 684 Alterum
552 654 652 682 vero
680 637 927 693 exemplum
956 637 1157 694 pulchrae
1181 637 1300 681 illius
1324 637 1640 682 allitterationis
1661 643 1858 697 (p-p-p-p)

266 714 412 755 inveni
455 724 583 767 supra
624 709 734 752 Dial.
779 708 836 751 IV
879 708 947 761 (de
978 710 1042 751 ira
1074 709 1148 751 lib.
1183 709 1228 762 2)
1261 709 1332 761 21,
1353 709 1378 751 9
1420 711 1650 767 pertinebit
1680 710 1730 753 ad
1763 724 1856 753 rem

265 785 554 839 praeceptores
581 779 935 836 paedagogosque
962 781 1106 836 pueris
1135 779 1324 836 placidos
1352 779 1463 822 dari:
1491 782 1697 836 proximis
1723 780 1858 837 adpli-

264 857 385 896 catur
413 866 538 896 omne
566 851 677 908 quod
703 855 899 894 tenerum
927 853 991 892 est
1017 854 1058 893 et
1085 851 1131 892 in
1159 864 1307 893 eorum
1334 850 1664 894 similitudinem
1690 852 1855 894 crescit.

325 997 437 1041 Dial.
471 995 556 1038 XII
586 995 656 1049 (ad
678 994 829 1047 Helv.)
864 992 902 1046 7,
925 994 946 1036 1
981 993 1158 1051 Scythia
1191 997 1233 1037 et
1264 996 1379 1037 totus
1411 993 1485 1037 ille
1517 994 1704 1037 ferarum
1736 993 1856 1038 indo-

262 1071 552 1124 mitarumque
590 1068 787 1123 gentium
819 1070 979 1108 tractus
1010 1065 1192 1107 civitates
1225 1065 1400 1107 Achaiae
1431 1065 1622 1109 Ponticis
1655 1065 1853 1120 inpositas

261 1140 461 1183 litoribus
494 1141 692 1181 ostentat.

322 1210 576 1267 Elegantius
607 1208 658 1251 de
689 1223 733 1251 re
758 1222 931 1264 prorsus
958 1222 1041 1250 non
1069 1207 1269 1250 dissimili
1296 1208 1464 1264 scripsit
1492 1205 1637 1250 Cicero
1670 1207 1738 1261 (de
1761 1222 1850 1265 rep.

261 1281 302 1325 II
331 1281 370 1333 9,
390 1282 434 1334 4)
464 1282 526 1324 ita
557 1280 832 1323 barbarorum
865 1280 980 1336 agris
1013 1280 1134 1336 quasi
1165 1283 1318 1321 attexta
1344 1278 1552 1335 quaedam
1578 1278 1750 1322 videtur
1780 1294 1852 1322 ora

260 1367 351 1396 esse
386 1352 590 1394 Graeciae.

322 1499 434 1543 Dial.
478 1498 563 1541 XII
605 1498 675 1551 (ad
708 1497 859 1550 Helv.)
895 1496 964 1548 16,
985 1496 1010 1539 5
1045 1511 1127 1540 non
1159 1501 1278 1554 potes
1308 1499 1453 1553 itaque
1485 1495 1537 1540 ad
1569 1496 1848 1554 optinendum

262 1571 449 1615 dolorem
492 1569 704 1613 muliebre
745 1583 898 1611 nomen
940 1567 1227 1624 praetendere,
1261 1582 1313 1611 ex
1344 1583 1428 1624 quo
1462 1571 1504 1611 te
1535 1569 1720 1612 virtutes
1751 1573 1849 1612 tuae

261 1643 545 1692 seduxerunt;
591 1644 761 1683 tantum
805 1640 928 1682 debes
961 1653 985 1682 a
1016 1640 1276 1682 feminarum
1308 1639 1497 1682 lacrimis
1528 1639 1686 1692 abesse,
1718 1654 1850 1697 quan-

260 1717 355 1755 tum
387 1714 521 1755 vitiis.
553 1726 605 1754 ne
638 1712 822 1754 feminae
848 1710 1020 1766 quidem
1048 1714 1090 1754 te
1117 1712 1255 1753 sinent
1281 1711 1542 1753 intabescere
1569 1710 1731 1753 volneri
1756 1714 1848 1763 tuo,

260 1784 331 1827 sed
364 1783 489 1825 levior
520 1784 750 1826 necessario
782 1796 971 1824 maerore
1002 1783 1086 1825 cito
1117 1781 1360 1824 defunctam
1393 1781 1601 1824 iubebunt
1627 1795 1847 1838 exurgere,

259 1857 295 1898 si
331 1854 456 1898 modo
489 1853 585 1897 illas
616 1855 774 1896 intueri
806 1852 923 1895 voles
955 1852 1147 1904 feminas,
1182 1866 1286 1908 quas
1317 1857 1538 1909 conspecta
1569 1854 1706 1896 virtus
1737 1855 1849 1897 inter

259 1940 439 1983 magnos
471 1926 586 1968 viros
618 1926 775 1981 posuit.

321 1997 479 2040 Verum
523 1996 693 2039 videtur
734 2007 845 2038 esse:
891 1994 963 2037 sed
1004 1995 1110 2036 ultro
1152 1995 1384 2037 necessario
1426 2008 1615 2038 maerore
1657 1996 1740 2038 cito
1782 1995 1851 2039 de-

258 2069 450 2111 functam
490 2067 702 2110 iubebunt
744 2080 964 2123 exurgere,
1008 2079 1107 2108 nam
1150 2077 1287 2109 VLTRO
1331 2068 1564 2109 sententiae
1605 2066 1762 2109 sufficit
1805 2069 1848 2110 et

256 2141 359 2182 huic
400 2140 496 2182 voci
537 2138 680 2194 aliqua
723 2137 878 2180 saltem
910 2136 1150 2180 similitudo
1184 2140 1248 2180 est
1279 2150 1378 2180 cum
1410 2136 1617 2180 vocabulo
1651 2142 1848 2194 corrupto

258 2221 426 2253 LEV10R.
467 2209 646 2265 Saepius
689 2212 834 2251 autem
877 2207 1035 2250 Seneca
1077 2222 1125 2251 eo
1158 2207 1359 2251 adverbio
1392 2209 1544 2259 utitur,
1578 2206 1702 2251 velut
1733 2208 1846 2252 Dial.

257 2280 321 2323 IX
354 2280 393 2332 7,
414 2280 462 2335 13
505 2279 570 2322 XI
605 2279 743 2331 12,2;
787 2278 873 2321 XII
907 2277 1046 2331 14,3;
1082 2279 1132 2321 de
1165 2279 1300 2322 benef.
1335 2278 1355 2321 I
1388 2278 1473 2330 1,3
1506 2281 1599 2331 cet.,
1640 2279 1711 2323 sed
1743 2282 1848 2323 satis

257 2355 321 2395 est
364 2351 509 2394 afferre
542 2351 592 2393 de
624 2350 767 2393 Benef.
801 2349 858 2392 VI
890 2349 931 2401 6,
950 2348 977 2391 2
1010 2350 1160 2392 Potius
1192 2351 1486 2406 conparatione
1517 2351 1627 2392 facta
1657 2351 1770 2394 inter
1800 2365 1844 2394 se

255 2422 448 2466 beneficii
479 2425 520 2465 et
550 2423 731 2465 iniuriae
764 2420 928 2472 videbo,
962 2434 1014 2463 an
1046 2421 1157 2463 mihi
1189 2422 1318 2463 etiam
1350 2421 1457 2463 ultro
1489 2420 1706 2464 debeatur.

318 2558 427 2602 Dial.
456 2558 541 2601 XII
567 2558 638 2611 (ad
667 2557 816 2610 Helv.)
847 2557 916 2608 16,
937 2556 962 2600 6
995 2571 1046 2599 ex
1073 2557 1150 2599 hac
1178 2556 1336 2599 femina
1362 2560 1436 2610 (sc.
1460 2555 1670 2611 Cornelia)
1696 2556 1844 2601 debuit

256 2631 385 2680 nasci,
418 2631 491 2686 qui
524 2629 678 2672 diceret
709 2630 753 2671 in
786 2629 1003 2671 contione:
1035 2631 1112 2679 „tu
1138 2628 1269 2670 matri
1296 2641 1414 2671 meae
1441 2627 1553 2671 male
1582 2628 1707 2681 dicas,
1735 2643 1842 2686 quae

255 2714 325 2743 me
357 2698 549 2756 peperit?

317 2771 434 2814 Haec
461 2771 588 2814 verba
614 2772 702 2813 sine
730 2770 858 2813 dubio
885 2771 1071 2827 respexit
1097 2767 1353 2811 Plutarchus
1376 2769 1561 2812 scribens
1577 2768 1642 2822 (O.
1661 2769 1841 2815 Gracch.

254 2841 329 2895 IV)
375 2842 464 2893 ,,Σὺ
497 2841 609 2895 γὰρ”
645 2841 724 2893 ἔφη
761 2842 1013 2894 »Κορνηλίαν
1045 2839 1230 2893 λοιδορεῖς
1264 2840 1336 2888 τὴν
1371 2839 1557 2893 Τιβέριον
1589 2841 1840 2895 renovem?

315 2987 423 3031 Dial.
459 2988 542 3031 XII
573 2988 641 3041 (ad
673 2987 822 3041 Helv.)
857 2986 929 3039 17,
949 2986 975 3029 4
1007 2989 1180 3044 propter
1208 2988 1325 3038 istaS,
1358 3000 1464 3043 quae
1489 2987 1647 3031 litteris
1674 3003 1757 3032 non
1787 2988 1839 3032 ad
