1886 3388
1006 224 1060 267 10

301 348 564 404 Magnopere
607 350 752 390 autem
793 347 1031 389 invitamur
1068 348 1117 388 ut
1147 343 1394 387 studeamus
1426 344 1651 386 restituere
1683 341 1826 392 verba,

241 432 347 475 quae
373 420 416 460 in
443 418 524 461 fine
550 420 780 460 sententiae
806 418 998 473 proxime
1025 415 1309 458 antecedentis
1336 415 1605 457 interierunt.
1634 413 1826 456 Fortasse

241 491 443 543 scriptore
485 495 627 531 nostro
669 503 751 531 non
790 487 968 544 indigna
999 490 1121 528 sunt:
1153 490 1203 528 ut
1235 485 1338 527 dum
1369 486 1560 527 uicissim
1592 483 1828 526 missilibus

240 574 283 602 se
327 564 479 615 petunt
519 567 560 602 et
601 561 712 602 saxis
754 560 1094 614 utrimquesecus
1136 556 1221 599 alte
1261 555 1401 606 locati,
1442 556 1488 598 hi
1520 556 1593 611 qui
1625 556 1828 597 transiere

240 645 314 686 per
346 634 507 686 pontes,
541 629 660 672 nullo
692 628 988 685 interpellante
1020 627 1201 671 aedificii
1226 631 1344 683 parte
1376 625 1579 669 conuulsa
1609 625 1750 668 aditus
1782 626 1827 667 in

239 699 508 757 penetrali<a
530 702 813 757 patefacerent
843 696 1254 756 re>serarent<que>.

300 770 696 815 commemoremus
727 771 973 827 Hauptium
998 783 1214 812 revocasse
1242 766 1424 820 (XXVII
1455 766 1524 819 12,
1554 766 1627 820 18)
1654 771 1831 809 reserata

240 842 346 886 caeli
373 844 592 898 temperie,
620 856 718 885 cum
745 842 834 884 cod.
866 840 960 884 Vat.
989 840 1187 897 exbibeat
1212 843 1355 881 serata.
1385 839 1610 881 Praeterea
1627 837 1832 880 reserandi

240 914 420 958 verbum
452 915 634 956 occurrit
666 912 815 955 XXIII
847 911 887 964 6,
921 911 1002 964 243
1036 910 1179 953 XXVI
1214 910 1282 962 10,
1316 909 1343 951 4
1376 912 1455 952 cet.

303 1035 407 1077 XXI
444 1034 511 1085 12,
548 1034 601 1078 17
645 1034 760 1077 Inter
792 1047 899 1090 quae
930 1047 981 1075 ne
1010 1036 1190 1076 cessaret
1217 1030 1436 1088 Aquileiae
1464 1029 1703 1085 oppuynatio
1731 1044 1829 1073 cum

238 1108 283 1148 in
328 1105 503 1162 reliquis
551 1120 675 1162 opera
716 1109 1035 1148 consumeretur
1076 1105 1121 1146 111
1163 1117 1342 1153 cassum,
1385 1101 1548 1158 placuit
1587 1102 1829 1144 resistentes

239 1178 390 1219 acriter
422 1176 474 1218 ad
505 1176 764 1218 deditionem
797 1177 870 1218 siti
902 1174 1098 1231 conpelli.

304 1248 552 1301 Oppufflialio
595 1249 783 1303 spatium
821 1260 1005 1288 vacuum
1040 1244 1093 1287 15
1126 1244 1211 1287 litt.
1244 1258 1326 1287 non
1361 1242 1516 1299 explet,
1551 1243 1828 1300 quamobrem

239 1320 329 1361 sine
357 1332 474 1361 mora
501 1318 713 1360 substitue
736 1317 1068 1359 circumvallatio.
1085 1315 1273 1358 Verbum
1290 1314 1624 1356 circumuallandi
1639 1313 1828 1371 legimus

238 1388 361 1432 XVII
393 1389 434 1440 2,
468 1389 516 1440 23
551 1387 693 1430 XVIII
729 1388 767 1438 6,
807 1388 882 1440 10;
917 1386 1060 1429 XXIV
1094 1387 1134 1439 2,
1170 1386 1218 1438 9;
1255 1385 1405 1428 XXXI
1441 1385 1509 1436 10,
1546 1385 1616 1428 15.

299 1510 404 1553 XXI
439 1509 507 1562 14,
541 1509 658 1552 4-5
690 1510 793 1553 Post
825 1508 1049 1552 Menandri
1081 1507 1373 1551 celeberrimos
1404 1520 1551 1550 versus

569 1590 725 1634 ἅπαντι
759 1591 913 1642 δαίμων
946 1589 1055 1643 ἀνδρὶ
1090 1589 1434 1642 συμπαρίσταται

570 1664 683 1710 εὐθὺς
717 1662 932 1718 γενομένῳ,
966 1662 1249 1714 μυσταγωγὸς
1283 1663 1354 1702 τοῦ
1385 1659 1494 1711 βίου,

237 1754 284 1795 111
316 1753 407 1796 cod.
440 1758 676 1810 sequuntur
708 1754 835 1797 verba
865 1753 1087 1796 lacunosa:
1104 1784 1214 1795 .....
1247 1751 1399 1795 itidem
1413 1783 1522 1795 .....
1557 1752 1828 1808 sempiternis

238 1824 419 1867 Homeri
450 1826 708 1868 carminibus
739 1824 934 1881 intellegi
966 1825 1102 1875 datur,
1131 1838 1215 1866 non
1242 1823 1342 1866 deos
1368 1822 1568 1865 caelestes
1594 1836 1694 1865 cum
1719 1823 1828 1865 uiris

237 1895 418 1938 fortibus
449 1896 691 1939 conlocutos
724 1910 798 1939 nec
829 1896 1012 1938 adfuisse
1044 1895 1337 1952 pugnantibus
1370 1893 1439 1936 uel
1464 1895 1626 1936 iuuisse
1651 1908 1686 1936 6.
1704 1908 1742 1950 q.
1762 1907 1795 1936 s.

297 1966 411 2009 Usus
441 1968 719 2010 Ammianeus
750 1966 1044 2010 commendat:
1084 1967 1198 2008 Clare
1229 1965 1379 2008 itidem
1407 1970 1444 2007 et
1469 1964 1622 2021 liquide
1649 1980 1696 2006 ex
1722 1978 1828 2007 sem-

236 2039 414 2094 piternis
447 2038 625 2080 Homeri
657 2039 914 2081 carminibus
945 2036 1140 2094 intellegi
1177 2037 1302 2080 datur
1335 2051 1368 2078 e.
1388 2050 1426 2092 q.
1445 2050 1492 2087 s.,
1525 2049 1631 2092 quae
1657 2035 1826 2092 supple-

237 2112 381 2151 menta
422 2114 666 2165 congruunt
709 2123 808 2151 cum
849 2110 997 2165 spatiis
1034 2109 1193 2150 vacuis.
1227 2107 1467 2150 Afferantur
1497 2107 1598 2149 haec
1631 2105 1826 2162 exempla

237 2178 365 2221 XXII
400 2179 437 2229 1,
472 2179 499 2222 2
531 2180 639 2221 clare
669 2180 934 2222 monstrabat
945 2193 955 2230 ;
990 2178 1139 2221 XXIX
1175 2178 1213 2229 1,
1249 2177 1304 2221 33
1340 2178 1447 2220 clare
1478 2178 1823 2234 pronuntiantes,

239 2249 366 2292 XXII
400 2249 469 2301 10,
505 2249 529 2293 7
562 2250 793 2293 indicantia
824 2249 978 2306 liquide
1009 2253 1087 2292 cet.

299 2362 425 2404 XXII
459 2361 498 2413 6,
534 2361 560 2404 2
592 2362 638 2404 hi
679 2377 824 2405 omnes
867 2361 985 2405 densi
1031 2361 1261 2420 <coactique
1291 2361 1366 2419 iu>
1411 2374 1547 2403 unum
1587 2361 1824 2416 principem

238 2435 382 2489 ipsum
414 2436 457 2475 et
488 2434 717 2489 praefectos
750 2435 958 2489 praetorio
991 2431 1263 2490 graculorum
1295 2445 1412 2474 more
1439 2435 1674 2487 strepentes
1700 2432 1826 2473 inter·

239 2503 456 2560 pellabant
486 2504 711 2554 incondite,
744 2504 869 2546 modo
902 2518 987 2546 non
1019 2509 1115 2545 ante
1146 2503 1543 2559 septuagensimum
1570 2515 1730 2544 annum
1758 2515 1826 2544 ex·

238 2579 482 2630 torquentes
517 2589 622 2630 quae
655 2575 816 2617 dedisse
850 2589 893 2617 se
925 2576 1016 2616 iure
1049 2573 1119 2616 uel
1151 2587 1270 2615 secus
1301 2572 1500 2629 plurimis
1532 2572 1822 2615 adfirmabant.

300 2645 348 2687 In
387 2644 538 2687 lacuna
583 2645 635 2687 11
682 2645 769 2687 litt.
814 2647 973 2687 inserui
1010 2646 1207 2700 wael-ique
1237 2644 1293 2697 in,
1328 2645 1427 2700 quia
1459 2642 1627 2686 Gelenii
1659 2642 1824 2699 supple-

239 2720 434 2758 mentum
476 2713 674 2772 dens<ati
705 2714 779 2771 in>
823 2730 906 2759 non
948 2716 1115 2758 sufficit.
1150 2714 1273 2757 Viam
1304 2714 1414 2756 mihi
1445 2715 1702 2756 monstravit
1732 2715 1822 2769 ipse

239 2787 492 2828 Ammianus
524 2787 708 2828 scribens
740 2786 889 2829 XXIX
923 2785 963 2837 6,
998 2786 1022 2829 6
1054 2786 1097 2827 in
1128 2801 1246 2827 unum
1279 2789 1431 2827 coactas
1452 2783 1482 2836 ¹)
1507 2785 1660 2826 misere
1686 2788 1824 2827 uasta-

238 2858 366 2899 torias
397 2871 548 2899 manus
579 2862 657 2899 cet.

286 2979 320 3020 1)
345 2978 394 3009 Sic
418 2977 522 3009 scribo
545 2987 618 3009 cum
644 2975 868 3018 Petschenigio
892 2975 990 3017 (Phil.
1014 2975 1078 3008 vol.
1104 2976 1142 3008 51
1170 2986 1242 3018 pag.
1268 2973 1354 3015 685).
