1886 3388
1028 245 1083 288 16

316 369 366 412 In
407 367 539 411 altera
578 369 724 410 autem
766 365 917 409 lacuna
959 368 1009 408 ut
1047 365 1272 422 suppleam
1302 366 1433 408 simile
1465 366 1686 422 quiequam,
1720 365 1849 409 efficit

257 454 355 483 cum
388 438 509 481 XXV
541 438 582 489 2,
618 438 642 481 ’7
676 436 787 494 quod
818 437 906 479 face
938 438 982 478 in
1013 435 1128 479 coelo
1160 439 1254 479 uisa
1286 438 1502 480 committi
1533 435 1747 493 proelium
1779 435 1851 480 uel

256 510 386 552 simile
411 510 616 566 quicquam
643 522 725 550 non
753 507 977 564 oportebit,
1007 511 1101 549 tum
1129 507 1294 549 XXVII
1311 507 1351 559 3,
1373 507 1428 550 10
1452 509 1488 550 si
1504 508 1664 550 ferrum
1682 521 1850 564 quaere-

257 582 382 624 batur
411 584 486 623 aut
517 579 745 636 plumbum
773 582 848 620 aut
875 591 944 620 aes
970 582 1044 620 aut
1071 579 1275 634 quicquam
1301 578 1444 620 simile.
1472 578 1691 621 Addamus
1719 579 1849 621 etiam

258 650 344 695 Cic.
386 651 505 693 Brut.
541 652 562 706 ξ
597 649 684 692 216
718 647 793 692 Cn.
827 648 1054 700 Sieinnius,
1099 650 1227 691 homo
1270 650 1479 705 impurus,
1513 649 1585 691 sed
1618 648 1849 692 admodum

255 720 475 772 ridiculus,
508 734 642 776 neque
676 719 794 762 aliud
826 720 870 761 in
902 733 950 761 eo
984 721 1163 762 oratoris
1194 719 1324 761 simile
1356 719 1578 775 quiequam.

317 852 502 896 XXVIII
540 851 579 904 6,
626 850 680 893 13
724 850 841 893 Inter
882 849 988 893 tales
1029 854 1174 893 tamen
1217 850 1462 894 consulendi
1503 865 1643 894 moras
1686 865 1852 908 exspec-

255 924 457 980 tandique
503 935 716 979 responsa,
764 922 1009 964 Austoriani
1057 935 1253 964 successu
1297 923 1472 978 gemino
1516 921 1758 974 insolentes,
1802 924 1853 964 ut

255 1008 423 1052 rapaces
449 993 573 1037 alites
599 992 853 1036 aduolarunt
879 993 1154 1035 inritamento
1183 993 1404 1049 sanguinis
1432 994 1616 1036 atrocius
1633 992 1826 1036 efferatae
1841 1005 1851 1044 ;

254 1068 514 1123 cunctisque,
554 1066 636 1107 nisi
677 1078 781 1120 quos
824 1063 928 1120 fuga
967 1063 1285 1106 discriminibus
1315 1065 1534 1114 eximeret,
1567 1065 1851 1121 interemptis,

254 1137 441 1194 praedaS,
468 1150 571 1192 quas
596 1135 771 1178 antehac
798 1133 1069 1190 reliquerant,
1100 1134 1393 1193 (auerterunt)
1425 1135 1643 1178 arboribus
1673 1135 1852 1177 exsectis

256 1212 298 1251 et
329 1208 510 1250 ultibus.

316 1279 426 1331 Quid
451 1276 737 1334 supplendum
764 1280 886 1327 esset,
916 1275 1152 1318 docuerunt
1177 1291 1247 1319 me
1275 1276 1375 1319 XIV
1393 1276 1434 1328 2,
1454 1277 1480 1319 2
1509 1291 1669 1319 merces
1687 1277 1849 1334 opimas

255 1349 378 1392 uelut
423 1348 530 1392 uiles
571 1347 700 1390 nullis
743 1348 1084 1404 repugnantibus
1115 1351 1347 1389 auertebant
1379 1352 1421 1390 et
1452 1347 1601 1389 XXXI
1635 1345 1674 1398 7,
1709 1347 1735 1389 6
1768 1360 1853 1389 ma·

254 1434 471 1478 gnamque
508 1419 742 1476 spoliorum
774 1423 996 1459 auerterent
1029 1423 1207 1474 partem.
1240 1418 1451 1475 Equidem
1482 1423 1595 1461 recte
1626 1433 1668 1461 se
1700 1418 1852 1461 habere

255 1496 359 1548 puto
404 1492 532 1534 etiam
575 1488 717 1532 XXVI
750 1488 790 1540 8,
828 1489 882 1530 12
914 1491 999 1544 (ut)
1032 1494 1279 1545 sequentem
1313 1503 1360 1532 ac
1392 1503 1521 1545 paene
1552 1492 1720 1545 captam
1752 1502 1853 1532 uxo-

255 1577 346 1606 rem
367 1593 528 1605 ......
562 1564 759 1603 auerteret
781 1558 811 1613 ¹)
843 1573 1000 1602 secum.

316 1694 465 1737 XXIX
501 1694 538 1745 1,
574 1692 627 1735 31
662 1706 708 1735 ac
739 1691 883 1734 linteis
910 1690 1084 1747 quidam
1112 1690 1373 1735 indumentis
1401 1693 1597 1743 amictus,
1626 1690 1853 1734 calceatus-

256 1780 337 1823 que
362 1765 514 1808 itidem
540 1764 683 1807 linteis
709 1765 853 1814 soccis,
881 1761 1019 1805 torulo
1043 1764 1172 1819 capiti
1189 1763 1473 1814 circumflexo,
1492 1763 1695 1805 uerbenas
1712 1761 1850 1805 felicis

255 1838 415 1879 arboris
441 1841 625 1893 gestans,
652 1834 776 1877 litato
804 1835 1016 1889 conceptis
1043 1835 1302 1876 carminibus
1319 1836 1494 1877 numine
1512 1835 1845 1891 praescitionum

254 1911 438 1958 auctore,
479 1905 769 1949 caerimoniali
801 1906 977 1947 scientia
1009 1906 1251 1960 supersistit
1283 1904 1514 1948 cortinulae
1546 1920 1565 1946 s
1578 1936 1712 1948 ......
1747 1918 1848 1961 pen-

252 1977 377 2021 silem
418 1977 596 2020 anulum
637 1976 810 2027 librans,
851 1981 1012 2018 sartum
1056 1990 1107 2017 ex
1141 1973 1369 2031 Carpathio
1401 1974 1471 2018 filo
1505 1989 1709 2032 perquam
1740 1974 1844 2026 leui,

254 2051 450 2106 mysticis
490 2047 725 2104 disciplinis
766 2048 1011 2089 initiatum:
1046 2048 1119 2102 qui
1154 2061 1226 2102 per
1255 2045 1484 2089 interualla
1518 2046 1718 2088 distincta
1749 2047 1850 2088 reti-

254 2120 454 2162 nentibus
484 2118 668 2175 singulis
699 2118 856 2161 litteris
886 2116 1074 2160 incidens
1104 2117 1341 2168 saltuatim,
1370 2117 1520 2160 heroos
1546 2117 1675 2159 efficit
1700 2130 1849 2159 uersus

255 2190 661 2247 interrogationibus
693 2202 910 2231 consonos.

318 2261 365 2303 In
412 2266 501 2304 tota
541 2260 819 2316 descriptione
860 2273 996 2302 unum
1039 2258 1298 2302 vocabulum
1340 2258 1616 2301 vehementer
1657 2257 1847 2301 desidero

255 2346 407 2388 nempe
437 2331 692 2373 sollemniter.
725 2330 845 2383 Quod
871 2334 921 2372 ut
947 2329 1222 2386 suppleamus
1250 2344 1571 2373 commovemur
1598 2344 1680 2373 non
1707 2328 1848 2372 solum

257 2405 392 2459 spatio
439 2416 586 2453 vacuo,
635 2401 705 2444 sed
747 2403 878 2444 etiam
919 2401 1034 2443 hisce
1077 2400 1283 2457 exemplis
1326 2400 1443 2454 (XIV
1482 2400 1521 2452 7,
1557 2400 1631 2454 21)
1672 2399 1848 2457 Iamque

255 2473 376 2516 lituis
417 2472 603 2516 cladium
644 2472 994 2527 concrepantibus
1036 2473 1302 2514 internarum
1343 2486 1425 2514 non
1467 2471 1598 2514 celate
1639 2477 1690 2514 ut
1725 2476 1848 2514 antea

256 2544 477 2586 turbidum
515 2544 730 2586 Saeuiebat
760 2543 983 2599 ingenium
1016 2556 1039 2584 a
1070 2543 1162 2584 ueri
1193 2542 1523 2584 consideratione
1555 2541 1771 2585 detortum
1803 2546 1846 2584 et

256 2614 374 2657 nullo
412 2616 695 2670 inpositorum
726 2613 798 2656 uel
830 2614 1146 2669 conpositorum
1175 2613 1302 2655 fidem
1332 2613 1575 2655 sollemniter
1605 2614 1846 2668 inquirente

256 2700 332 2728 nec
373 2686 630 2728 discernente
661 2699 685 2727 a
716 2686 915 2727 societate
960 2685 1184 2726 noxiorum
1225 2685 1415 2727 insontes
1447 2698 1482 2727 e.
1502 2698 1540 2740 q.
1560 2697 1591 2726 s.
1625 2683 1709 2726 XX
1742 2683 1781 2735 6,
1820 2683 1842 2725 1

257 2758 502 2799 transmisso
533 2756 775 2798 sollemniter
805 2754 979 2811 Tigride
1013 2758 1091 2797 cet.

319 2887 468 2930 XXIX
500 2887 541 2939 2,
577 2886 600 2931 ’7
633 2902 700 2929 aee
731 2886 992 2929 conlatieium.

306 3010 335 3051 l)
358 3009 599 3052 Petschenigius
623 3009 764 3043 mutavit
786 3008 818 3041 in
842 3008 988 3041 aueheret
1010 3007 1107 3049 (Phil.
1131 3007 1196 3041 vol.
1221 3008 1260 3039 59
1286 3018 1360 3051 pag.
1387 3007 1475 3048 153).
