1886 3388
817 249 877 291 ⁸29

118 370 229 413 Dial.
260 369 302 413 ΙΙ
332 370 400 422 (de
432 372 562 413 const.
596 374 702 426 sap.)
738 369 806 420 13,
827 369 851 412 5
893 370 1054 413 nullius
1085 385 1185 428 ergo
1219 371 1462 414 movebitur
1493 376 1639 415 eontu-

58 440 206 491 melia3
243 454 387 483 omnes
418 442 532 483 enim
564 442 676 483 inter
703 455 745 483 se
772 442 980 497 dzjfferant,
1009 443 1170 498 sapiens
1198 441 1369 498 quidem
1397 457 1516 499 pares
1543 443 1639 487 illos

56 511 107 554 ob
140 510 357 567 aequalem
390 510 620 553 stultitiam
653 513 792 554 omnis
824 515 959 568 putat.

117 581 343 625 Scribendo
376 583 568 638 dzjfferant
600 597 675 639 pro
709 583 863 625 tradita
891 585 1096 626 memoria
1122 584 1317 640 dzjfferunt
1345 584 1471 627 Gertz
1500 600 1641 628 emen-

57 652 270 695 dationem
319 667 400 696 non
448 653 620 696 videtur
666 654 901 709 perfecisse.
951 654 999 696 In
1047 656 1208 710 optimo
1258 655 1345 697 cod.
1393 658 1636 699 invenitur:

54 737 198 765 omnes
239 730 304 765 eni
344 728 422 765 iter
463 738 505 766 se
548 724 744 779 differunt
776 738 809 766 e.
830 739 867 780 q.
888 738 935 775 S„
979 725 1051 767 sed
1094 725 1271 767 debebat
1309 725 1385 768 ille
1418 727 1636 769 exhibere:

54 807 199 836 omnes
240 795 354 836 enim
389 792 495 852 (ut)
528 796 640 836 inter
671 808 714 836 se
748 795 955 850 dzJfferant‚
989 796 1153 851 sapiens
1186 796 1358 851 quidem
1389 810 1509 852 pares
1542 797 1638 839 illos

54 865 107 907 ob
149 864 368 921 aequalem
410 864 641 907 stultitiam
682 867 820 907 omnis
862 868 998 921 putat.
1040 866 1162 908 Nunc
1205 871 1348 909 autem
1389 881 1512 910 nemo
1553 882 1638 910 non

52 937 268 991 perspexit
298 937 510 992 originem
542 937 654 978 vitii.

111 1005 271 1048 Verum
311 1007 549 1048 coniunctio
589 1010 633 1047 ut
673 1005 862 1062 praedita
901 1008 946 1048 vi
988 1008 1228 1049 concessiva
1264 1007 1426 1064 legitur
1456 1007 1565 1051 Dial.
1599 1008 1639 1051 II

57 1076 172 1128 14,2
216 1080 276 1129 (et
317 1081 362 1118 ut
403 1078 558 1127 vincat,
602 1090 677 1132 par
720 1077 844 1128 fuit);
891 1076 1000 1119 Dial.
1034 1077 1090 1119 IV
1124 1077 1239 1129 28,2
1272 1082 1334 1130 (ut
1366 1078 1444 1120 hoe
1474 1080 1535 1121 ita
1568 1081 1637 1130 sit,

54 1161 183 1203 quam
225 1150 407 1203 angusta
448 1148 689 1189 innocentia
731 1150 837 1199 est);
879 1147 986 1190 Ibid.
1029 1147 1086 1189 V1
1122 1147 1257 1200 18,8;
1301 1148 1379 1204 Ep.
1417 1148 1532 1200 70‚7
1576 1154 1639 1202 (ut

54 1219 111 1260 sit
144 1218 221 1261 hoc
254 1232 421 1270 verum,
452 1232 535 1260 non
569 1219 684 1260 omni
716 1220 852 1274 pretio
885 1220 975 1261 vita
1006 1218 1183 1261 emenda
1214 1223 1317 1272 est);
1352 1219 1429 1276 Ep.
1465 1220 1535 1272 65,
1558 1221 1638 1273 143

55 1288 128 1341 83,
147 1288 174 1332 8
208 1293 288 1332 cet.

117 1429 228 1473 Dial.
271 1429 334 1472 III
377 1429 446 1482 (de
486 1431 550 1472 ira
591 1429 666 1473 lib.
702 1430 745 1483 1)
779 1430 864 1481 9,2
900 1431 1035 1483 „ira'',
1066 1432 1208 1487 inquit
1239 1431 1503 1483 Aristoteles,
1540 1447 1639 1484 „ne-

58 1502 237 1544 cessaria
278 1504 354 1552 est,
391 1515 466 1543 neo
498 1502 726 1557 quicquam
759 1503 850 1544 sine
880 1500 955 1544 illa
988 1504 1224 1558 expugnari
1255 1506 1416 1558 potest,
1451 1505 1532 1546 nisi
1563 1503 1639 1547 illa

52 1571 189 1629 inplet
222 1574 416 1615 animum
444 1575 486 1615 et
513 1574 713 1628 spiritum
742 1572 951 1624 accendit;
981 1574 1168 1615 utendum
1194 1578 1340 1616 autem
1365 1573 1440 1616 illa
1467 1579 1530 1617 est
1554 1589 1640 1617 non

57 1646 107 1685 ut
139 1643 236 1684 duee
268 1642 340 1685 sed
372 1646 422 1684 ut
452 1642 622 1685 milite”.

115 1711 226 1757 Cum
257 1713 325 1756 his
358 1714 524 1756 ultimis
550 1714 691 1756 verbis
719 1715 898 1757 conferri
925 1718 1089 1770 oportet
1115 1714 1217 1757 Sall.
1247 1714 1351 1758 Bell.
1380 1714 1471 1759 Cat.
1491 1716 1562 1767 20,
1584 1716 1638 1758 16

54 1783 125 1827 vel
156 1785 390 1838 imperatore
422 1784 490 1827 vel
520 1784 648 1826 milite
679 1799 747 1827 me
777 1785 952 1827 utimini.

115 1925 224 1968 Dial.
259 1925 320 1968 III
362 1926 430 1978 (de
462 1927 526 1968 ira
556 1926 630 1968 lib.
666 1927 709 1978 1)
745 1926 813 1978 18,
835 1926 860 1968 3
904 1925 979 1969 On.
1013 1927 1112 1969 Piso
1144 1927 1228 1969 fuit
1260 1930 1465 1971 memoria
1497 1933 1640 1972 nostra

55 1998 124 2040 vir
156 2011 180 2039 a
210 1996 363 2039 multis
395 1999 514 2040 vitiis
546 1999 727 2055 integer,
760 1997 832 2040 sed
854 2012 1010 2051 pravus
1041 2001 1083 2040 et
1114 2000 1183 2040 cui
1214 1998 1407 2054 placebat
1439 2014 1514 2056 pro
1545 2014 1640 2043 oon-

57 2069 213 2110 stantia
245 2069 374 2124 rigor.

114 2138 262 2182 Nonne
304 2139 534 2182 verborum
579 2142 800 2182 contextus
843 2139 1009 2196 flagitat
1031 2140 1244 2193 perduras,
1278 2140 1390 2196 quod
1423 2155 1497 2197 per
1528 2156 1640 2185 com-

52 2210 257 2266 pendium
289 2211 496 2266 soriptum
529 2212 723 2265 (polmus)
753 2225 777 2254 a
800 2225 959 2265 prauus
989 2224 1072 2253 non
1102 2210 1294 2253 multum
1326 2211 1475 2254 differt.

116 2349 227 2394 Dial.
260 2350 318 2393 IV
359 2350 427 2403 (de
459 2352 522 2393 ira
553 2351 628 2394 lib.
662 2352 708 2405 2)
741 2351 811 2403 35,
832 2351 854 2394 1
898 2350 1120 2407 Numquid
1151 2350 1259 2394 velit
1289 2353 1514 2409 quisquam
1546 2356 1637 2396 tam

56 2423 246 2478 graviter
276 2422 443 2465 hostem
473 2422 619 2474 ferire,
649 2427 698 2465 ut
729 2422 941 2479 relinquat
971 2435 1150 2464 manum
1174 2423 1218 2464 in
1246 2422 1420 2465 vulnere
1446 2427 1488 2466 et
1515 2438 1558 2466 se
1586 2424 1637 2466 ab

54 2494 144 2535 ictu
173 2507 369 2537 revocare
401 2507 486 2536 non
515 2493 677 2550 possit?
710 2495 829 2551 atqui
860 2492 943 2536 tale
973 2494 1036 2536 ira
1067 2492 1204 2536 telum
1237 2498 1323 2536 est:
1358 2496 1433 2537 vix
1463 2495 1639 2538 retrahi-

53 2567 138 2605 tur.
183 2577 301 2606 arma
344 2564 465 2607 nobis
497 2564 694 2621 expedita
725 2565 1030 2621 prospicimus,
1062 2563 1257 2620 gladium
1289 2565 1562 2608 commodum
1595 2569 1637 2608 et

54 2633 266 2677 habilem:
309 2649 393 2678 non
433 2637 669 2679 vitabimus
701 2638 890 2692 impetus
922 2636 1055 2678 animi
1088 2634 1268 2693 (nimis)
1301 2636 1377 2678 hos
1408 2650 1560 2693 graves
1592 2640 1635 2679 et

56 2719 250 2748 onerosos
282 2708 325 2748 et
354 2705 689 2750 inrevocabiles?

121 2777 270 2818 Graves
293 2779 404 2819 certe
431 2779 567 2833 poscit
593 2778 858 2828 adverbium,
888 2775 999 2833 quod
1024 2777 1115 2819 vim
1141 2778 1315 2832 positivi
1340 2780 1482 2834 auget.
1517 2776 1637 2829 Quod

56 2846 270 2903 supplevi,
314 2848 416 2890 satis
456 2848 697 2905 frequenter
738 2849 934 2898 occurrit,
976 2845 1098 2889 velut
1134 2846 1244 2890 Dial.
1278 2847 1335 2890 IV
1368 2847 1482 2899 17,2
1516 2847 1635 2889 nimis

58 2916 202 2960 mollis
216 2931 227 2968 ;
256 2917 372 2959 nimis
397 2917 550 2971 durus;
580 2919 692 2962 Dial.
719 2919 776 2962 VI
798 2919 866 2970 12,
888 2917 912 2960 6
939 2918 1054 2959 nimis
1078 2917 1285 2961 secundae
1301 2932 1389 2970 res3
1419 2918 1498 2975 Ep.
1518 2917 1588 2969 30,
1610 2917 1636 2961 3

57 2988 179 3031 ¹nimia?
210 2989 347 3031 securi
380 2992 459 3031 eet.
