1886 3388
1025 221 1081 264 12

319 345 375 396 Si,
419 344 529 401 quod
571 343 774 388 Gelenius
803 345 983 388 inseruit
1016 347 1112 386 ante
1146 343 1432 395 Alexandriae,
1468 343 1707 399 transposui
1737 355 1845 384 com-

259 419 401 458 motus
438 415 585 457 XXIII
617 414 656 465 3,
691 415 718 457 2
751 417 933 471 arripere
966 414 1166 456 fidentius
1199 415 1486 470 principatum
1517 414 1554 455 si
1581 428 1622 454 se
1652 414 1846 455 interisse

258 485 452 528 didicerit
478 486 590 542 apud
616 486 795 528 Parthos
823 491 865 529 et
893 485 1056 527 XXVII
1086 485 1154 536 10,
1184 483 1210 526 9
1238 484 1320 526 nisi
1346 500 1386 526 se
1412 484 1538 527 celeri
1565 483 1848 526 defendissent

257 571 434 599 occursu
465 571 501 599 e.
521 571 559 612 q.
580 571 611 599 s.

316 626 449 683 Saepe
480 641 581 670 vero
613 627 768 670 excidit
799 628 846 677 si,
879 626 1000 669 velut
1032 630 1129 669 ante
1161 626 1334 680 stipitem
1362 625 1507 678 (XXII
1538 625 1606 677 15,
1635 626 1723 678 31),
1750 629 1847 669 ante

255 698 397 739 scitari
423 697 585 750 (XXVI
605 698 642 749 1,
664 698 721 750 1),
749 702 845 740 ante
873 698 1115 740 simultatum
1142 696 1289 749 (XXX
1307 697 1347 747 4,
1368 696 1425 748 9),
1444 700 1540 739 ante
1557 697 1626 738 sub
1643 695 1847 749 (XXVIII

257 767 298 819 5,
335 768 408 820 14)
441 772 519 810 cet.
564 768 644 810 His
687 770 917 824 perspectis
951 782 1097 811 omnes
1130 767 1215 810 fere
1248 781 1418 810 mecum
1450 767 1633 809 scribent
1666 766 1850 810 XXVIII

256 838 297 889 4,
332 837 357 880 9
390 840 633 895 apparuisse
668 837 766 898 (si)
801 839 942 881 subito
975 840 1170 895 ignotam
1202 839 1470 894 conpererint
1501 842 1544 881 et
1575 837 1703 880 XXX
1732 838 1771 889 1,
1794 836 1847 881 17

255 910 397 952 tristes
428 909 749 961 sollicitudines,
783 909 883 952 huic
914 910 1110 952 inrisioni
1144 906 1243 966 (si)
1278 909 1552 965 superfuerit,
1585 909 1800 952 excitabit.

317 1050 444 1093 XXII
473 1050 541 1102 16,
572 1051 625 1094 19
654 1051 725 1094 sed
751 1051 849 1109 (cz)
869 1051 1146 1108 intellegendi
1163 1051 1300 1094 diuini
1316 1051 1546 1094 aditionem
1561 1050 1849 1107 multiplicem

255 1126 297 1164 et
325 1124 671 1178 praesensionum
699 1124 909 1179 originem
937 1128 1078 1166 mente
1106 1128 1261 1180 uegeta
1283 1124 1508 1179 quisquam
1525 1121 1712 1166 uoluerit
1727 1122 1852 1180 repli-

255 1206 362 1243 care,
391 1206 465 1248 per
489 1193 700 1236 mundum
722 1208 894 1236 omnem
911 1195 1102 1237 inueniet
1121 1225 1282 1237 ......
1300 1194 1430 1236 huius
1447 1193 1564 1236 modi
1580 1194 1631 1236 ab
1648 1194 1849 1251 Aegypto

255 1262 517 1306 circumlata.
564 1262 691 1322 (hie)
735 1266 925 1321 primum
967 1265 1160 1307 homines
1200 1263 1329 1321 longe
1373 1269 1470 1307 ante
1513 1263 1616 1307 alios
1647 1264 1700 1307 ad
1731 1265 1851 1307 uaria

254 1334 513 1391 religionum
555 1335 825 1386 incunabula,
868 1339 917 1377 ut
958 1335 1129 1386 dicitur,
1162 1342 1448 1391 peruenerunt
1481 1339 1524 1378 et
1553 1336 1678 1377 initia
1709 1336 1850 1392 prima

255 1420 472 1448 sacrorum
504 1410 625 1449 caute
659 1409 834 1449 tuentur
865 1405 1033 1449 condita
1064 1407 1233 1462 scriptis
1266 1407 1441 1449 arcanis.

313 1477 428 1520 Mihi
468 1478 511 1519 in
553 1476 703 1520 lacuna
749 1477 803 1519 12
846 1477 930 1519 litt.
970 1477 1199 1519 verborum
1243 1480 1445 1520 contextu
1487 1478 1648 1533 requiri
1679 1476 1851 1520 videtur

254 1548 561 1601 theoloyumena.
608 1550 816 1604 Agnoscit
856 1551 969 1590 certe
1010 1548 1266 1590 Ammianus
1309 1547 1476 1601 theoloyi
1519 1547 1659 1601 (XVII
1695 1546 1734 1600 7,
1771 1547 1847 1600 12,

254 1618 361 1661 XXI
395 1619 464 1670 14,
499 1618 543 1672 3)
579 1622 622 1662 et
656 1619 893 1674 theoloqieae
924 1618 1137 1662 doctrinae
1170 1619 1288 1672 (XVI
1321 1618 1362 1670 5,
1397 1619 1454 1672 5).

314 1761 512 1803 Primum
539 1760 725 1817 legimus
752 1760 919 1814 (XXIII
950 1762 989 1812 1,
1015 1761 1080 1813 5):
1111 1761 1266 1817 quibus
1292 1763 1342 1803 ut
1358 1763 1612 1803 conuenerat
1629 1759 1847 1811 ordinatis,

255 1832 491 1874 terrebatur
521 1832 647 1874 omine
678 1831 863 1887 quodam
896 1836 944 1874 ut
977 1832 1121 1875 docuit
1153 1833 1294 1874 exitus
1325 1832 1681 1888 praesentissimo.

317 1902 428 1945 Tum
461 1902 574 1946 malo
606 1905 746 1945 omine
779 1904 969 1959 exposito
1001 1904 1143 1960 pergit
1171 1906 1342 1946 auctor:

317 1974 465 2016 XXIII
499 1974 536 2029 1,
574 1973 599 2015 6
632 1977 913 2030 praecesserat
945 1973 1063 2016 aliud
1094 1986 1268 2016 saeuum.
1302 1986 1486 2029 namque
1519 1972 1712 2016 kalendis
1743 1974 1848 2030 ipsis

253 2046 456 2087 ianuariis
502 2045 750 2087 ascendente
793 2059 841 2087 eo
883 2044 1048 2101 gradile
1092 2043 1219 2087 Genii
1262 2043 1474 2100 templum
1517 2058 1539 2087 e
1581 2044 1848 2087 sacerdotum

254 2117 462 2158 consortio
490 2115 664 2171 quidam
691 2116 841 2158 ceteris
867 2115 1109 2158 diuturnior
1130 2114 1249 2158 nullo
1266 2114 1463 2172 pulsante
1480 2120 1650 2171 repente
1667 2115 1850 2158 concidit

255 2187 527 2241 animamque
552 2188 765 2242 insperato
793 2199 893 2228 casu
920 2185 1095 2240 efflauit,
1114 2185 1225 2241 quod
1242 2185 1455 2228 adstantes
1473 2187 1757 2229 —incertum
1774 2201 1850 2243 per

254 2258 503 2313 inperitiam
550 2270 603 2298 an
650 2256 853 2299 adulandi
900 2256 1134 2312 cupiditate
1182 2280 1238 2289 --
1286 2257 1579 2299 memorabant
1624 2256 1848 2300 consulum

255 2328 408 2370 seniori
442 2328 631 2381 portendi
672 2328 878 2369 nimirum
921 2326 1138 2377 Sallustio,
1182 2326 1252 2369 sed
1295 2332 1344 2369 ut
1377 2328 1575 2383 apparuit
1606 2342 1689 2370 non
1720 2329 1850 2371 aetati

257 2397 328 2440 sed
359 2399 560 2453 potestati
595 2399 745 2440 maiori
776 2399 1001 2440 interitum
1034 2400 1317 2454 propinquare
1347 2398 1651 2440 monstrabatur.

319 2468 455 2511 Verba
497 2468 635 2517 omine,
673 2470 876 2523 portendi,
911 2469 1203 2510 monstrabatur
1234 2472 1407 2511 monent
1438 2475 1488 2510 ut
1519 2468 1695 2511 edamus
1730 2470 1769 2525 (ξ
1804 2468 1848 2522 6)

256 2543 538 2596 praecesserat
584 2537 700 2581 aliud
731 2537 993 2596 s<c>aeuum,
1029 2541 1139 2581 sicut
1170 2540 1388 2581 invenitur
1419 2539 1569 2581 XXIX
1602 2538 1642 2591 3,
1679 2540 1700 2581 1
1736 2553 1849 2596 prae-

256 2611 430 2660 fectum,
473 2611 547 2666 qui
585 2615 792 2666 potestate
825 2609 911 2652 late
944 2610 1094 2652 diffusa
1125 2625 1304 2651 seaeuum
1336 2611 1586 2666 imperatori
1619 2613 1847 2653 accesserat

255 2682 536 2723 incentiuum.
569 2681 626 2722 At
658 2681 977 2724 substantivum
1009 2681 1137 2723 habes
1169 2680 1296 2722 XXX
1329 2680 1369 2730 4,
1408 2681 1461 2723 10
1493 2681 1647 2723 horum
1678 2680 1847 2724 liberta·

257 2756 346 2794 tem
379 2753 608 2800 temeritas,
643 2753 923 2794 constantiam
955 2751 1128 2793 audacia
1158 2765 1369 2807 praeceps,
1397 2750 1682 2808 eloquentiam
1708 2753 1846 2795 inanis

257 2822 464 2878 quaedam
520 2824 716 2864 imitatur
766 2822 941 2864 fluentia
987 2822 1210 2878 loquendi:
1269 2836 1451 2878 quarum
1498 2824 1658 2864 artium
1703 2822 1847 2865 scaevi-

258 2898 352 2943 tate,
400 2898 449 2935 ut
495 2892 666 2934 Tullius
706 2892 939 2943 adseuerat,
988 2894 1104 2935 nefas
1152 2896 1215 2935 est
1261 2892 1513 2949 religionem
1557 2892 1694 2949 decipi
1739 2893 1846 2935 iudi-

257 2965 403 3006 cantis.
461 2962 552 3005 Iam
599 2962 820 3006 Guenther
867 2969 909 3006 et
958 2964 1281 3020 Petschenigius
1327 2968 1598 3007 correxerunt
1642 2963 1845 3016 (XXVIII
