1886 3388
1009 229 1067 274 30

303 353 411 396 Dial.
445 353 501 395 IV
543 352 612 405 (de
642 353 705 394 ira
735 351 809 394 lib.
845 351 890 404 2)
927 350 997 401 35,
1018 350 1043 393 5
1083 350 1229 407 quales
1260 354 1360 393 sunt
1394 351 1586 394 hostium
1620 349 1690 394 vel
1721 350 1827 394 fera.-

241 439 338 466 rum
369 425 484 465 caede
516 424 758 464 madentium
791 454 919 465 .....
954 426 1149 478 aspectus
1181 436 1216 464 e.
1235 436 1273 478 q.
1292 436 1324 464 s.

302 495 386 536 Hic
419 495 711 549 unusquisque
743 494 943 535 meminit
976 491 1120 534 Ovidii
1153 507 1355 535 versuum
1389 492 1512 545 (Met.
1547 492 1566 534 I
1601 492 1727 545 149):

957 566 1000 606 et
1033 565 1156 620 virgo
1188 564 1305 604 caede
1335 565 1532 605 madentes

543 635 699 678 ultima
731 634 963 677 caelestum
995 638 1130 677 terras
1162 634 1338 676 Astraea
1369 633 1556 690 reliquit.

301 781 412 824 Dial.
458 781 514 824 VI
560 780 631 833 (ad
674 780 828 833 Marc.)
874 778 962 830 3,4
1011 781 1047 822 si
1094 779 1146 822 ad
1188 780 1267 822 hoc
1310 780 1523 822 maximae
1564 779 1750 822 feminae
1791 783 1833 822 te

241 852 486 909 exemplum
519 851 776 908 applicueris
808 850 1082 902 moderatius,
1116 852 1282 901 mitius,
1313 864 1397 893 non
1429 851 1510 892 eris
1542 851 1586 892 in
1617 852 1834 893 aerumnis

241 938 317 966 nec
357 928 400 966 te
443 924 667 966 tormentis
712 922 966 964 macerabis:
1013 935 1119 977 quae
1163 923 1292 972 enim,
1335 919 1516 972 malum,
1550 923 1738 964 amentia
1769 925 1835 964 est

241 1008 395 1051 poenas
427 1008 450 1036 a
483 1008 526 1036 se
558 992 821 1036 infelicitatis
854 994 1026 1048 exigere
1057 995 1100 1034 et
1131 991 1245 1034 mala
1277 1005 1354 1034 sua
1385 1006 1463 1033 non
1495 989 1683 1048 augere?

301 1066 383 1108 Pro
416 1069 612 1120 corrupto
645 1079 722 1105 non
750 1062 860 1106 alius
888 1062 1003 1106 aliud
1031 1064 1233 1114 coniecit,
1262 1062 1460 1118 equidem
1487 1064 1656 1119 requiro
1681 1067 1831 1117 sponte.

240 1136 324 1179 Hic
351 1141 495 1178 autem
523 1135 736 1178 ablativus
765 1136 852 1177 sine
880 1135 1128 1190 pronomine
1154 1135 1391 1190 possessivo
1408 1133 1570 1190 legitur
1586 1133 1664 1190 Ep.
1683 1133 1756 1185 90,
1775 1132 1832 1176 43

240 1212 394 1262 (sponte
420 1211 673 1258 currentes);
703 1205 781 1262 Ep.
814 1205 884 1256 95,
904 1205 930 1248 8
955 1209 1110 1260 (sponte
1136 1204 1397 1261 delinquere)
1414 1209 1509 1256 cet„
1538 1209 1582 1248 at
1608 1221 1680 1247 sua
1695 1209 1835 1259 sponte

242 1279 449 1321 habemus
481 1278 560 1334 Ep.
595 1277 666 1328 88,
686 1277 767 1327 22;
802 1276 914 1320 Dial.
948 1276 983 1319 V
1017 1276 1088 1328 39,
1110 1275 1135 1319 3
1167 1280 1245 1319 cet.

303 1425 415 1468 Dial.
450 1425 506 1468 VI
544 1425 613 1478 (ad
645 1424 798 1477 Marc.)
833 1424 903 1475 11,
926 1424 948 1466 1
983 1423 1098 1477 Quae
1131 1422 1281 1466 deinde
1312 1425 1396 1466 ista
1427 1437 1527 1467 suae
1558 1423 1835 1481 publicaeque

242 1497 499 1540 condicionis
528 1495 686 1539 oblivio
714 1494 804 1538 est?
831 1494 1026 1538 mortalis
1052 1499 1150 1537 nata
1177 1509 1235 1546 es,
1253 1494 1454 1538 mortales
1471 1497 1692 1552 peperisti:
1710 1500 1836 1552 putre

241 1571 333 1625 ipsa
376 1568 644 1623 fluidumque
686 1581 840 1623 corpus
882 1571 925 1610 et
967 1568 1105 1609 causis
1136 1567 1285 1608 morbos
1316 1568 1499 1623 repetita
1532 1568 1711 1623 sperasti
1743 1571 1834 1610 tam

241 1639 441 1682 inbecilla
473 1640 652 1681 materia
684 1637 817 1680 solida
848 1642 890 1680 et
923 1642 1093 1680 aeterna
1122 1635 1340 1693 gestasse?

305 1711 386 1754 Pro
429 1711 576 1752 morbos
616 1723 767 1752 revoco
807 1709 995 1750 morbidis
1005 1727 1023 1758 ,·
1056 1708 1318 1751 locutionem
1350 1722 1450 1752 vero
1483 1709 1613 1751 causis
1644 1709 1833 1751 morbidis

241 1786 412 1824 strenue
439 1780 627 1823 defendit
645 1780 823 1822 morbida
840 1780 900 1821 vis
918 1780 1104 1832 (Lucret.
1125 1778 1181 1821 VI
1200 1779 1318 1832 956).
1347 1779 1669 1824 Observandum
1687 1783 1832 1823 tamen

242 1859 306 1895 est
337 1853 599 1895 adiectivum
633 1852 830 1893 morbidus
862 1850 945 1894 alio
978 1865 1103 1893 sensu
1135 1849 1225 1907 legi
1251 1850 1363 1893 infra
1391 1852 1414 1907 ξ
1438 1852 1463 1892 4
1493 1865 1759 1907 quocumque
1787 1865 1831 1894 se

241 1926 391 1976 movit,
435 1926 581 1966 statim
612 1923 876 1965 infirmitatis
908 1936 1007 1964 suae
1041 1923 1268 1977 conscium,
1303 1936 1388 1964 non
1421 1936 1544 1965 omne
1576 1921 1742 1965 caelum
1774 1922 1832 1965 fe-

241 2010 349 2046 rens,
393 2009 600 2051 aquarum
642 1994 908 2036 novitatibus
950 1992 1137 2049 flatuque
1178 2007 1263 2035 non
1296 1993 1505 2036 familaris
1537 2007 1664 2036 aurae
1696 1998 1739 2036 et
1769 1997 1832 2036 te-

241 2069 462 2110 nuissimis
494 2068 632 2109 causis
664 2070 791 2122 atque
825 2065 1125 2108 offensionibus
1151 2065 1380 2116 morbidum,
1408 2069 1547 2121 putre,
1576 2066 1832 2117 causariam,

243 2138 346 2181 fletu
377 2139 513 2181 vitam
545 2138 813 2193 auspicatum
845 2149 881 2178 e.
900 2149 938 2192 q.
958 2150 991 2178 s.

303 2276 413 2319 Dial.
448 2275 504 2318 VI
535 2275 605 2327 (ad
637 2274 788 2327 Marc.)
822 2272 893 2323 22,
913 2272 940 2314 4
972 2271 1272 2315 decernebatur
1297 2270 1365 2314 illi
1391 2274 1463 2325 (sc.
1491 2269 1661 2324 Seiano)
1689 2274 1832 2315 statua

243 2348 285 2389 in
327 2348 507 2403 Pompei
546 2347 712 2389 theatro
753 2344 958 2401 ponenda,
1001 2343 1112 2400 quod
1156 2346 1358 2385 exustum
1400 2340 1552 2386 Caesar
1593 2341 1829 2394 reficiebat3

243 2417 501 2461 exclamavit
542 2416 704 2461 Cordus
745 2421 847 2459 tunc
888 2428 987 2458 vere
1029 2414 1246 2456 theatrum
1278 2414 1429 2469 perire.
1463 2412 1535 2468 §5
1569 2411 1670 2468 quid
1702 2410 1831 2469 ergo?

243 2504 327 2532 non
359 2492 631 2545 rumperetur
661 2501 789 2543 supra
820 2488 981 2529 cineres
1013 2483 1090 2528 Cn.
1123 2484 1301 2539 Pompei
1328 2484 1530 2526 constitui
1558 2481 1761 2525 Seianum
1789 2486 1832 2525 et

243 2563 287 2602 in
341 2561 614 2603 monimentis
662 2559 842 2600 maximi
881 2556 1152 2612 imperatoris
1193 2555 1426 2597 consecrari
1468 2552 1677 2610 perfidum
1721 2553 1833 2595 mili-

244 2629 360 2674 tem?
392 2635 640 2672 consecratur
671 2629 937 2684 subscriptio,
972 2631 1013 2669 et
1045 2626 1240 2668 acerrimi
1274 2639 1409 2674 caneS,
1443 2639 1546 2680 quos
1571 2623 1646 2666 ille
1674 2627 1724 2666 ut
1750 2624 1832 2666 sibi

245 2703 320 2743 uni
351 2705 609 2751 mansuetos,
642 2700 840 2743 omnibus
872 2698 981 2741 feros
1014 2697 1202 2746 haberet,
1236 2697 1442 2752 sanguine
1474 2695 1661 2738 humano
1693 2708 1833 2751 pasce-

243 2773 327 2823 bat,
361 2771 678 2815 circumlatrare
711 2772 927 2813 hominem
961 2770 1090 2810 etiam
1121 2766 1248 2809 illum
1274 2767 1523 2820 imperiatum
1556 2767 1783 2822 incipiunt.

302 2843 408 2885 Leni
454 2842 664 2885 medicina
710 2841 900 2883 adhibita
946 2844 1177 2894 utrumque
1225 2836 1481 2880 vocabulum
1522 2838 1568 2878 in
1609 2838 1830 2893 integrum

242 2916 466 2957 restituere
497 2928 617 2970 posse
644 2913 754 2955 mihi
780 2912 938 2955 videor.
973 2910 1054 2952 Pro
1081 2913 1342 2960 consecratur,
1376 2908 1489 2964 quod
1516 2911 1659 2951 ortum
1687 2911 1751 2951 est
1777 2922 1829 2951 ex

241 2985 505 3044 praecedenti
545 2984 778 3036 consecrari,
824 2982 974 3026 edatur
1016 2981 1285 3035 consiqnatur.
1331 2979 1451 3033 Quod
1492 2983 1638 3023 autem
1678 2994 1698 3021 c
1731 2983 1774 3022 et
1801 2994 1829 3033 q
