1886 3388
1023 234 1078 277 14

316 356 458 400 XXVI
484 356 524 408 5,
554 355 579 398 9
607 356 719 397 curis
747 353 1026 397 diducebatur
1052 355 1270 411 ambiguis
1291 358 1494 411 (quocum
1512 354 1844 411 comparandum

255 433 319 471 est
352 427 494 470 XXVI
527 427 566 477 6,
604 425 658 467 14
691 425 890 467 diductus
923 426 967 466 in
999 427 1278 481 cogitationes
1309 427 1481 481 uarias).

316 499 393 541 Est
430 499 644 555 poeticum
676 510 812 553 genus
846 495 1027 546 dicendi,
1061 499 1110 537 ut
1141 495 1280 538 elucet
1311 510 1361 538 ex
1394 495 1521 553 Verg.
1554 497 1658 539 Aen.
1693 496 1726 538 V
1758 494 1844 540 720

522 593 615 631 tum
648 602 746 631 vere
779 589 822 630 in
855 601 975 630 curas
1007 589 1149 630 animo
1185 587 1402 630 diducitur
1434 589 1584 632 omnis.

316 721 460 764 XXVI
492 721 532 772 8,
567 719 592 762 3
627 723 669 763 et
709 720 787 762 hoc
829 733 928 762 casu
971 718 1178 776 Bithynia
1220 733 1385 775 quoque
1426 720 1610 774 Procopii
1640 719 1847 762 dicionem

255 793 422 836 redacta
453 796 530 834 est,

317 864 424 916 Quia
454 862 642 919 legimus
672 874 800 917 supra
827 860 990 913 (XXVI
1019 860 1058 912 5,
1079 859 1146 916 9):
1176 875 1302 917 super
1330 860 1523 917 adpetitu
1548 874 1650 903 uero
1677 860 1850 914 Procopi

256 949 290 978 e.
306 949 344 990 q.
363 948 409 985 s.,
458 935 527 976 hic
566 946 734 989 quoque
777 931 925 974 eadem
967 932 1151 988 genitivi
1192 931 1328 974 forma
1370 931 1561 987 ponenda
1603 935 1679 982 est,
1718 930 1851 974 altera

256 1010 402 1048 autem
441 1004 586 1046 littera
626 1003 643 1044 i
683 1001 770 1054 (vel
801 1005 833 1055 i)
865 1001 1165 1058 compendium
1198 1002 1434 1060 scripturae
1466 1002 1548 1044 fuit
1578 1016 1652 1058 pro
1684 1002 1740 1043 in.
1773 1001 1852 1044 Re-

254 1075 520 1119 stituendum
552 1077 617 1116 est
645 1075 804 1130 igitur:
837 1072 1005 1126 Procopi
1038 1070 1143 1128 <in>
1178 1071 1388 1115 dicionem
1420 1072 1588 1116 redacta
1618 1076 1695 1115 est.

316 1216 460 1259 XXVI
497 1215 562 1270 10,
599 1214 624 1257 5
667 1214 779 1257 unde
822 1217 917 1270 post
952 1211 1095 1270 (tres)
1131 1213 1219 1256 dies
1251 1213 1495 1269 productus,
1529 1213 1734 1257 lateribus
1766 1212 1850 1256 sul-

255 1290 358 1332 catis
391 1289 606 1335 acerrime,
640 1288 841 1341 pariaque
872 1286 1082 1341 perpessis
1114 1285 1376 1327 consortibus
1408 1287 1586 1328 interiit.

316 1358 481 1401 Inserui
506 1358 700 1407 verbum,
729 1355 840 1411 quod
864 1355 986 1398 facile
1002 1355 1252 1398 intercidere
1269 1357 1429 1411 potuit,
1445 1360 1488 1398 at
1504 1356 1802 1414 Petschenigio
1818 1354 1849 1409 ¹)

257 1429 420 1487 placuit
451 1429 655 1471 scribere:
690 1431 784 1484 post
815 1427 903 1469 dies
927 1441 1081 1480 paucos
1112 1426 1345 1483 productus
1377 1441 1412 1470 e.
1432 1441 1470 1484 q.
1489 1441 1521 1470 s.

319 1571 482 1614 XXVII
515 1570 555 1620 4,
591 1569 646 1612 14
688 1568 865 1613 Constat
905 1572 1050 1612 autem
1093 1567 1410 1625 ut-uulgauere
1443 1582 1637 1611 rumores
1669 1567 1848 1619 adsidui,

259 1657 404 1686 omnes
433 1656 564 1698 paene
596 1645 797 1698 agrestes,
830 1641 903 1696 qui
936 1654 1011 1696 per
1043 1640 1237 1696 regiones
1269 1639 1503 1696 praedictas
1535 1641 1748 1682 montium
1774 1640 1851 1682 cir-

259 1712 505 1757 cumcolunt
531 1712 792 1761 altitudines,
822 1710 1070 1753 salubritate
1097 1711 1260 1752 uirium
1289 1714 1330 1753 et
1352 1712 1651 1768 praerogatiua
1667 1710 1848 1767 quadam

257 1787 373 1828 uitae
418 1784 590 1840 longius
632 1782 925 1840 propagandae
968 1795 1042 1824 nos
1084 1783 1257 1831 anteire,
1300 1782 1429 1838 idque
1468 1781 1565 1825 inde
1605 1783 1850 1838 contingere

259 1857 532 1906 arbitrantur,
564 1854 676 1910 quod
708 1853 962 1897 conluuione
994 1853 1188 1895 ciborum
1221 1853 1435 1895 abstinent
1470 1849 1845 1909 (indumentisque)

260 1926 406 1970 calidis
446 1930 489 1968 et
530 1927 703 1983 perenni
743 1924 964 1967 uiriditate
1006 1925 1113 1966 roris
1155 1924 1452 1980 asperginibus
1493 1923 1649 1980 gelidis
1679 1936 1851 1980 corpora

259 1999 589 2054 constringente,
621 2010 748 2039 aurae
779 1996 962 2052 purioris
994 1993 1215 2037 dulcedine
1246 1995 1471 2050 potiuntur
1502 2008 1538 2037 e.
1557 2008 1596 2050 q.
1614 2009 1647 2037 s.

320 2069 423 2112 Post
464 2069 662 2110 abstinent
703 2067 873 2118 excidit,
915 2066 999 2108 nisi
1040 2064 1176 2116 fallor,
1219 2066 1535 2122 indumentisque
1575 2080 1621 2109 ac
1664 2065 1850 2122 profecto

260 2142 570 2196 exspectamus,
616 2142 667 2180 ut
707 2141 866 2188 auctor,
911 2151 1011 2179 cum
1048 2138 1301 2192 praesertim
1333 2138 1379 2178 in
1412 2137 1693 2193 descriptione
1726 2136 1853 2179 Thra-

260 2213 422 2253 ciarum
449 2210 622 2252 urbium
652 2208 856 2252 nonnulla
882 2207 1108 2250 tradiderit
1135 2207 1186 2250 de
1212 2208 1306 2250 cibo
1333 2211 1375 2249 et
1401 2221 1510 2264 aqua
1525 2211 1568 2250 et
1585 2211 1690 2257 aere,
1709 2206 1851 2263 aliqua

261 2284 391 2325 etiam
420 2281 470 2324 de
492 2285 608 2324 veste
635 2283 790 2323 narret.
817 2280 900 2321 Pro
923 2278 1193 2320 uestimentum
1210 2282 1353 2320 autem
1372 2279 1628 2320 Ammianus
1645 2291 1850 2334 usurpare

262 2353 369 2396 solet
393 2353 673 2401 indumentum,
703 2350 822 2393 velut
849 2349 995 2402 (XXII
1023 2349 1063 2400 9,
1095 2349 1167 2401 11)
1194 2349 1463 2390 indumentum
1479 2363 1531 2391 ex
1548 2350 1678 2392 serico
1695 2348 1847 2405 pallio;

263 2423 464 2476 (XXVIII
497 2422 537 2472 4,
571 2422 616 2478 8)
659 2421 872 2478 fulgentes
904 2421 1049 2463 sericis
1081 2419 1347 2469 indumenti-53
1383 2419 1549 2472 (XXXI
1582 2419 1622 2472 2,
1659 2419 1703 2472 5)
1735 2420 1850 2461 indu·

263 2494 403 2537 mentis
435 2495 684 2550 operiuntur
714 2492 862 2535 linteis
894 2495 972 2534 cet.

325 2634 510 2677 XXVIII
545 2635 583 2685 1,
618 2633 642 2678 ’7
676 2635 816 2690 primo
850 2632 962 2689 quod
993 2631 1233 2675 recalebant
1263 2632 1308 2674 in
1341 2631 1514 2674 auribus
1546 2632 1638 2674 eius
1664 2632 1850 2688 parentis

264 2706 399 2757 effata,
428 2706 529 2762 quid
555 2704 782 2762 augurales
809 2703 930 2747 alites
956 2702 1028 2746 uel
1047 2707 1194 2746 cantus
1212 2707 1432 2745 monerent
1449 2703 1642 2745 oscinum
1659 2702 1851 2759 adprime

263 2776 472 2828 callentis,
498 2776 550 2819 ad
576 2790 710 2832 usque
734 2774 937 2818 sublimia
962 2775 1202 2831 regimenta
1221 2770 1502 2830 (aditurum),
1531 2772 1602 2816 sed
1625 2773 1848 2828 periturum

263 2848 373 2890 ferro
404 2846 586 2903 poenali.

311 2990 347 3032 1)
370 2989 456 3021 Phil.
480 2989 544 3021 vol.
570 2988 608 3020 51
634 2998 707 3031 pag.
734 2987 809 3019 522.
