1886 3388
819 235 846 279 5

45 359 254 402 desereret
285 372 320 401 e.
339 371 378 413 q.
398 371 430 399 s.
462 356 710 399 Invenimus
737 356 881 409 (XXX
911 355 949 407 1,
972 357 1016 410 4)
1044 357 1090 399 ui
1107 355 1176 399 uel
1192 363 1311 400 metu
1329 357 1399 401 uel
1416 359 1622 411 adulati03

43 429 204 484 (XXVI
236 428 275 480 6,
314 428 386 481 16)
417 427 608 470 ancillari
639 427 871 469 adulatione
901 432 972 469 cet.

102 569 198 613 XVI
226 570 266 622 5,
297 570 321 612 5
350 568 576 625 (Iulianus)
603 569 763 612 occulte
790 569 1001 612 Mercurio
1028 569 1306 625 supplicabat,
1334 584 1461 627 quem
1476 570 1627 613 mundi

41 641 299 684 uelociorem
327 654 497 682 sensum
524 653 626 690 esse,
656 645 824 682 motum
846 640 1058 682 mentium
1075 641 1350 682 suscitantem
1368 640 1628 697 theologicae

41 712 261 769 prodidere
294 711 529 754 doctrinae:
562 714 688 766 atque
719 712 764 752 in
798 715 915 753 tanto
946 724 1089 753 rerum
1122 709 1287 753 defectu
1318 710 1534 768 explorate
1567 712 1628 754 rei

41 782 236 840 publicae
256 813 414 824 ......
449 781 637 824 curabat.

102 851 296 896 Valesius
322 853 366 894 in
392 865 579 908 congruo
606 852 743 907 spatio
770 850 940 907 supplet
967 866 1140 902 munera,
1168 855 1211 893 at
1234 865 1336 894 usus
1354 852 1631 894 Ammianeus

41 923 230 981 flagitat:
263 924 325 965 rei
356 921 549 979 publicae
579 922 746 963 membra
778 923 963 965 curabat.
997 921 1302 978 Supplemento
1334 937 1429 965 meo
1459 923 1628 965 favent:

42 993 139 1046 (XV
172 993 211 1045 3,
248 992 292 1045 3)
334 993 406 1035 sed
446 994 507 1035 rei
550 992 744 1048 publicae
787 993 958 1035 membra
988 994 1122 1035 totius
1153 1007 1227 1049 per
1257 993 1487 1037 incidentia
1517 992 1631 1036 mala

43 1068 267 1115 nexantes;
297 1062 457 1116 (XVIII
486 1063 527 1114 5,
559 1064 601 1115 1)
627 1064 799 1119 iamque
821 1076 1002 1105 ausurus
1017 1064 1206 1105 inmania
1223 1064 1460 1106 rimabatur
1476 1064 1632 1106 tectius

40 1137 102 1178 rei
142 1134 336 1191 publicae
374 1134 540 1175 membra
572 1135 725 1183 totius;
762 1133 902 1186 (XXV
936 1132 976 1185 9,
1013 1133 1058 1185 5)
1091 1138 1133 1176 et
1164 1148 1238 1190 per
1270 1136 1412 1177 omnia
1444 1135 1631 1177 ciuitatis

42 1207 206 1247 membra
252 1218 338 1247 una
377 1218 462 1247 uox
506 1208 756 1246 cunctorum
799 1208 889 1247 erat
929 1205 1220 1261 gementium3
1265 1204 1361 1256 (XV
1397 1203 1435 1256 7,
1470 1205 1514 1257 5)
1557 1218 1631 1261 per

41 1278 163 1320 uaria
202 1276 320 1318 urbis
361 1276 553 1326 membra;
597 1274 717 1327 (XVI
752 1274 822 1325 10,
857 1274 931 1326 14)
971 1275 1088 1317 urbis
1131 1276 1299 1316 membra
1341 1274 1627 1325 conlustrans;

41 1348 144 1400 (XX
176 1346 216 1398 7,
250 1346 295 1400 9)
346 1360 452 1403 quae
503 1348 723 1388 moenium
769 1345 987 1402 adpeteret
1031 1347 1211 1388 membra.
1259 1345 1451 1389 Addatur
1500 1347 1631 1388 etiam

44 1420 303 1475 exemplum,
337 1417 448 1474 quod
479 1418 680 1460 continuo
713 1418 926 1473 sequitur:

105 1558 204 1601 XVI
223 1558 263 1609 5,
283 1558 308 1601 6
326 1563 368 1601 et
385 1559 506 1614 quasi
522 1557 677 1615 pabula
693 1557 899 1614 quaedam
917 1559 1059 1601 animo
1076 1558 1129 1600 ad
1146 1557 1396 1602 sublimiora
1413 1558 1631 1602 scandenti

43 1632 292 1686 conquirens
329 1644 404 1686 per
435 1631 579 1672 omnia
602 1629 887 1683 philosophiae
917 1629 1081 1671 membra
1112 1629 1342 1686 prudenter
1373 1629 1628 1687 disputando

46 1701 254 1745 currebat.

104 1771 216 1816 Cum
256 1772 323 1814 his
364 1771 504 1815 verbis
543 1771 810 1814 conferantur
850 1784 956 1827 quae
995 1769 1198 1814 adnotavi
1237 1770 1348 1814 infra
1390 1770 1443 1814 ad
1485 1770 1628 1815 Senec.

43 1843 123 1901 Ep.
157 1842 228 1895 89,
268 1842 309 1886 1.

104 1983 204 2027 XVI
236 1984 277 2036 5,
311 1983 338 2026 8
370 1986 511 2026 totum
544 1983 750 2024 memoriae
780 1982 942 2027 dolium.

103 2054 252 2099 Simile
285 2053 606 2099 Ciceronianum
638 2053 821 2104 videtur,
856 2054 908 2096 cf.
941 2052 1112 2096 Tuscul.
1143 2053 1164 2096 I
1193 2054 1216 2109 ᾖ
1244 2052 1296 2096 61
1328 2053 1438 2106 Quid
1462 2053 1628 2111 igItur?

43 2131 190 2170 utrum
233 2127 509 2183 capacitatem
550 2124 739 2181 aliquam
779 2126 823 2166 in
860 2125 1001 2167 animo
1034 2128 1236 2181 putamus
1268 2138 1370 2175 esse,
1404 2139 1487 2181 quo
1520 2129 1628 2168 tam-

43 2212 171 2255 quam
202 2199 248 2240 in
281 2195 451 2252 aliquod
483 2211 552 2237 vas
583 2209 644 2247 ea,
678 2209 784 2252 quae
815 2196 1067 2246 meminimus,
1100 2194 1408 2238 infundantur?

107 2338 206 2382 XVI
241 2338 309 2390 11,
340 2338 365 2381 5
393 2352 474 2394 qua
501 2337 616 2380 clade
642 2339 813 2394 cognita
841 2337 946 2394 agili
975 2337 1115 2380 studio
1143 2335 1294 2380 Caesar
1318 2338 1460 2379 missis
1488 2339 1631 2380 cuneis

45 2411 182 2453 tribus
199 2411 396 2465 equitum
412 2408 709 2465 expeditorum
728 2414 770 2450 et
786 2408 963 2451 fortium
981 2409 1061 2450 tria
1078 2407 1321 2450 obseruauit
1332 2409 1485 2450 itinera
1497 2409 1631 2450 sciens

45 2496 120 2538 per
146 2494 194 2523 ea
221 2485 444 2536 erupturos
466 2479 615 2536 procul
636 2479 766 2522 dubio
788 2483 1070 2535 grassatores:
1094 2492 1169 2521 nec
1186 2483 1347 2520 conatus
1362 2479 1518 2521 inritus
1534 2479 1629 2522 fuit.

107 2551 203 2593 Duo
243 2550 405 2593 codices
446 2551 648 2593 exhibent
687 2565 778 2591 neco
817 2549 910 2604 [lac.
947 2549 972 2590 6
1004 2549 1108 2604 litt.]
1140 2549 1286 2599 manti,
1320 2551 1514 2605 quocirca
1543 2548 1633 2591 red-

49 2623 199 2665 damus
240 2623 486 2664 Ammiano:
531 2637 601 2663 nee
638 2625 798 2663 conatus
838 2621 1009 2662 minanti
1048 2621 1202 2662 inritus
1244 2620 1339 2672 fuit,
1377 2620 1429 2662 cf.
1463 2619 1630 2673 (XXIX

50 2693 90 2743 5,
125 2691 199 2743 18)
231 2693 383 2748 quibus
414 2692 603 2733 minantis
633 2690 812 2747 periculi
843 2695 962 2733 metu
993 2690 1138 2733 defixis
1170 2694 1249 2733 cet.

109 2763 207 2805 Pari
239 2762 364 2805 modo
396 2762 617 2805 emendare
651 2775 898 2818 possumus:

109 2832 292 2875 XXVIII
307 2833 345 2884 1,
361 2832 416 2874 54
430 2833 661 2883 festinauit,
675 2836 723 2874 ut
739 2832 988 2874 mandatum
1006 2834 1081 2882 est,
1095 2830 1444 2888 Doryphorianus
1460 2832 1628 2888 magnis

47 2904 273 2947 itineribus
299 2902 497 2954 Romam,
525 2906 568 2945 et
591 2903 795 2944 interandz·
810 2904 936 2945 initia
952 2915 1108 2958 magna
1125 2902 1388 2958 quaeritabat
1404 2901 1626 2952 industria,

52 2987 135 3031 qua
165 2974 211 3016 ui
237 2976 471 3016 senatorem
499 2974 709 3030 perspicui
736 2974 903 3030 generis
927 2971 1180 3015 interficeret
1204 2971 1455 3014 iuuantibus
1479 2971 1624 3016 nullis·
